3534 5720
655 435 852 494 -lll-

116 580 171 654 ld,
189 579 221 656 3,
241 579 279 644 de
300 577 451 644 infinitivi
473 577 615 645 historici
641 599 699 646 usu
727 579 922 646 Sallustiana
945 577 1072 664 scripsit
1095 578 1161 644 lere
1187 577 1237 646 his
1255 571 1385 644 verbis:

117 711 132 747 u
154 687 196 753 Ut
216 705 283 751 rem
307 685 408 770 magis
435 685 574 751 illustret
594 683 800 772 omniumque
825 705 896 771 quae
916 684 1054 752 Catilina
1074 686 1186 771 agebat
1214 685 1272 750 sub
1289 684 1385 750 animi

112 813 209 858 sensu
232 802 328 876 ponat
355 793 512 879 picturam
538 791 713 876 quandam,
740 793 875 876 scriptor
897 791 995 858 allicit
1017 801 1054 857 ut
1079 791 1180 857 oratio
1196 802 1335 856 transeat
1357 791 1387 856 in

111 899 291 966 infinitivus
302 899 479 976 historicos,
496 897 625 983 quihus,
642 919 741 985 quum
758 898 839 964 desit
853 899 1059 983 grammatica
1074 898 1277 973 cohaerentia‚
1292 899 1388 964 lector

111 1014 328 1072 commovetur
344 1005 383 1070 ad
401 1025 449 1071 res
472 1007 627 1091 singulas,
649 1025 720 1092 quae
743 1009 912 1092 propositae
939 1017 1027 1083 sunt,
1049 1005 1227 1071 accuratius
1251 1003 1396 1090 diligen,

111 1113 242 1198 tiusque
261 1111 521 1190 considerandas,
540 1111 584 1178 ita
605 1122 639 1178 ut
658 1132 729 1197 quae
749 1113 812 1178 alla
833 1111 1056 1178 desiderantur
1077 1112 1178 1196 plenae
1197 1122 1228 1177 et
1243 1111 1389 1196 perfectae

111 1218 263 1305 imaginis
282 1219 474 1284 lineamenta
495 1217 561 1303 ipse
583 1221 731 1304 suppleat
754 1217 964 1303 addetque»,
988 1230 1018 1282 ει
1033 1238 1065 1303 p.
1092 1219 1157 1284 lli:
1184 1245 1196 1277 ι
1220 1217 1389 1284 lubuitivis

109 1325 274 1391 historicis
292 1325 428 1411 scriptor
450 1325 652 1390 attentiorem
677 1325 766 1412 quasi
793 1324 898 1391 reddit
924 1324 1065 1390 animum
1085 1326 1134 1390 vel
1160 1323 1387 1392 audientisve}

111 1431 261 1516 legentis,
279 1433 387 1497 omnia
404 1433 446 1497 ita
463 1433 663 1518 proferendo,
678 1445 712 1497 ut
728 1442 857 1517 propter
877 1433 1030 1496 incertum
1049 1430 1133 1518 quod
1155 1429 1236 1498 inest
1265 1441 1388 1515 tempus

110 1559 160 1604 res
178 1539 358 1604 accuratius
370 1539 546 1604 consideret
563 1541 671 1614 lector,
685 1549 715 1605 et
729 1539 883 1624 quoniam
897 1537 1068 1614 sentiendi,
1081 1536 1287 1622 cognoscendi
1299 1549 1329 1604 ct
1344 1537 1389 1602 di·

106 1644 276 1732 J'udicandi
294 1644 388 1712 datur
403 1646 500 1723 locus,
519 1644 672 1724 diversas,
694 1665 766 1732 quaa
785 1665 842 1730 per
858 1646 1000 1730 singulas
1012 1655 1117 1728 partes
1131 1643 1231 1733 oculis
1243 1642 1387 1710 auribus·

108 1773 172 1837 qne
188 1752 405 1826 obducuntur,
425 1771 474 1816 res
493 1771 559 1816 uua
574 1751 671 1816 veluti
689 1751 826 1836 imagine
853 1751 1017 1836 complecti
1049 1749 1184 1816 studeat.
1220 1777 1230 1810 ι
1258 1749 1388 1835 Opinio·

108 1879 181 1925 nem
199 1859 251 1924 his
271 1859 392 1923 ultimis
416 1857 520 1923 verbis
537 1858 667 1923 allatam
684 1860 848 1944 amplexus
865 1856 1027 1923 Koriolius
1043 1856 1092 1922 his
1108 1855 1257 1942 proximis
1272 1855 1385 1922 annis¹

109 1984 176 2030 rem
198 1963 386 2050 diligentius
406 1964 575 2050 perspexit,
605 1974 635 2029 et
665 1964 791 2048 plenam
812 1962 996 2050 quaestionis
1018 1961 1173 2028 rationem
1192 1961 1339 2027 instituit.

154 2069 258 2156 Cujus
273 2071 462 2136 sententiam
479 2089 578 2154 quum
595 2070 699 2155 reipsa
714 2079 891 2135 ceterorum
907 2067 1053 2154 opinioni
1069 2068 1388 2154 praestarcexistima-

111 2197 191 2257 rem,
215 2195 254 2242 ex
270 2177 408 2242 tenebris
425 2179 520 2262 paulo
536 2176 728 2241 obscurioris
743 2176 897 2240 ortvtionls
917 2174 1065 2259 expedire
1081 2184 1212 2240 conatus
1231 2194 1313 2260 sum,
1331 2195 1385 2238 ne-

110 2282 224 2369 glectis
240 2293 343 2349 tamen
361 2291 416 2346 aut
433 2281 463 2346 in
483 2281 599 2346 melius
618 2282 750 2346 mutatis
770 2282 864 2346 rebus
882 2301 962 2366 quas
978 2290 1033 2346 aut
1054 2299 1166 2365 parum
1187 2291 1313 2344 exactas
1333 2291 1388 2344 aut

111 2375 222 2456 a'vero
237 2389 443 2454 abhorrentes
459 2407 629 2453 censerem.
647 2389 718 2473 lpsa
738 2387 836 2472 igitur
850 2387 894 2452 rei
916 2386 1113 2472 expositione
1134 2385 1307 2451 refutatum
1327 2388 1388 2450 erit

110 2495 140 2561 id
159 2495 263 2582 quod,
285 2495 315 2560 iu
336 2495 616 2580 grammaticorum
636 2515 733 2582 supra
753 2493 955 2560 laudatorum
973 2505 1204 2559 ceterorumve
1225 2492 1389 2577 opinioni-

111 2603 180 2682 bus,
201 2614 258 2667 aut
273 2603 403 2667 omnino
423 2601 552 2678 falsum,
574 2612 629 2666 aut
646 2600 864 2686 imperfectum
880 2621 948 2665 esse
967 2600 1045 2664 mihi
1066 2598 1166 2664 videri
1190 2599 1356 2684 potuerit·

128 2711 188 2805 ,2⁰
216 2711 263 2774 De
282 2706 429 2774 historici
442 2705 600 2795 infinitivi
617 2706 760 2772 tremine.
782 2743 826 2756 —
843 2707 1024 2772 Notandum
1040 2714 1086 2771 est
1107 2705 1247 2791 primum
1261 2704 1320 2770 hoc
1339 2724 1388 2790 ge-

111 2837 168 2882 nus
191 2815 345 2882 infinitivi
370 2834 432 2879 non
463 2815 523 2879 nisi
551 2815 582 2880 in
607 2814 756 2878 historico
776 2812 901 2879 dicendi
922 2833 1037 2898 genere
1057 2822 1248 2898 usurpatum
1270 2811 1384 2888 luisse3

110 2923 195 3009 quod
218 2921 347 3010 quidem
364 2939 472 2986 verum
488 2932 533 2986 est
550 2919 694 2986 etiamde
710 2919 775 2985 illis
792 2919 933 3004 locisqul
951 2919 998 2984 vel
1016 2917 1101 3004 apud
1115 2915 1251 2984 comicos
1265 2927 1385 3003 poetas,

111 3031 155 3095 vel
175 3028 265 3114 apud
285 3029 470 3094 Ciceronem
498 3028 717 3092 inveniuntur.
739 3028 778 3092 Et
793 3027 843 3092 hio
867 3025 998 3111 quidem
1023 3025 1054 3090 in
1078 3024 1279 3090 orationibus
1301 3037 1332 3090 et
1354 3024 1388 3088 in

111 3135 256 3222 epistolis
275 3155 345 3200 eam
364 3134 632 3200 constructionem
653 3133 794 3214 adhibet,
812 3133 866 3198 sed
890 3133 928 3198 iis
950 3142 1073 3197 tanturn
1096 3130 1171 3196 locis
1190 3131 1244 3196 ubi
1260 3141 1388 3197 contro-

111 3242 225 3308 versiae
242 3251 297 3306 aut
312 3241 517 3326 descriptioni
540 3239 679 3306 succedit
693 3240 834 3305 narratio
854 3239 907 3326 (ei.
928 3259 984 3324 pro
1001 3239 1089 3304 Rosc.
1118 3237 1202 3304 Anu.
1225 3237 1294 3320 38).
1317 3239 1387 3322 lpsa
1442 3225 1445 3230 ¹

114 3361 221 3414 autern
238 3349 284 3413 rei
310 3358 425 3412 natura
445 3347 586 3413 eflicitur,
606 3358 641 3412 ut
665 3366 766 3432 pauca
791 3344 920 3411 illorum
938 3343 1169 3410 infinitivorum
1189 3345 1335 3430 exemplo
1355 3344 1387 3408 in

113 3455 314 3520 orationihus
330 3465 512 3534 occurrant3
533 3455 639 3538 itaque
656 3452 742 3537 apud
764 3453 869 3537 ipsum
890 3451 1093 3530 Sallustium,
1112 3449 1138 3516 si
1154 3469 1208 3516 eas
1228 3452 1387 3516 orationes

112 3565 238 3627 evolvas
257 3561 385 3647 quasin
405 3561 543 3625 mediam
568 3560 785 3625 narrationem
805 3559 941 3624 ornandi
961 3568 1016 3624 aut
1030 3557 1173 3624 variandi
1191 3577 1288 3623 causa
1303 3561 1388 3622 inse-

8 3733 9 3742 ,
113 3669 189 3747 ruit,
208 3669 273 3733 duo
288 3678 411 3733 tantum
424 3669 490 3732 loca
508 3667 747 3744 invenissem.
767 3667 822 3743 ab,
840 3667 858 3732 7
875 3678 905 3731 et
921 3667 975 3743 et,
993 3665 1048 3742 28,
1067 3667 1155 3748 (nam
1180 3684 1385 3744 concurrere,

104 3776 191 3840 ‘Hist
215 3797 239 3848 1,
259 3775 314 3852 5l,
333 3775 364 3850 7,
389 3774 553 3866 indicativi
577 3774 750 3858 perlectum
770 3775 843 3854 est),
866 3792 967 3857 eaque
991 3773 1059 3857 ipsa
1078 3770 1271 3836 narrationis
1290 3757 1387 3836 uatu-

114 3901 180 3947 ram
197 3881 339 3958 habent;
364 3881 417 3964 (cl.
438 3879 501 3945 Cic.
521 3879 558 3945 ad
585 3881 694 3960 Quint.
719 3881 791 3956 lrat.
811 3900 846 3956 11,
864 3879 895 3954 3,
914 3879 952 3954 2;
972 3877 1011 3943 ad
1037 3878 1101 3944 Αιι.
1119 3898 1154 3954 rr,
1174 3877 1227 3954 la,
1247 3876 1297 3960 2).
1317 3877 1385 3942 Non

114 3987 212 4073 igitur
227 3987 345 4052 mirum
361 3987 386 4051 si
399 3984 591 4052 historicum
605 3987 802 4072 appellatum
819 3996 865 4050 est
880 3985 930 4064 hic
946 3983 1140 4065 infinitivus3
1154 3983 1239 4069 quod
1258 3983 1386 4068 quidenr

114 4114 243 4172 nomen,
262 4094 329 4180 jam
358 4092 444 4178 apud
471 4102 592 4158 veteres
618 4093 841 4178 grammaticos
873 4091 1037 4168 usitatum,
1072 4090 1231 4156 immerito
1265 4110 1340 4154 sane
1369 4109 1387 4153 a

115 4200 264 4287 Grysurio
278 4195 487 4284 vituperatur,
510 4199 565 4285 qui
581 4199 620 4264 de
638 4188 676 4264 ea
689 4219 722 4263 re
735 4197 918 4284 opinionem
933 4197 1091 4266 Gerlaohii
1109 4197 1255 4281 sequitur
1266 4195 1290 4260 ¹.
1308 4197 1386 4260 Nam

147 4411 169 4456 l.
190 4411 221 4456 Η.
237 4407 340 4458 Koaiol.
369 4406 456 4456 Ueber
470 4405 511 4455 die
531 4405 683 4470 Bedeutung
707 4404 757 4454 und
780 4405 827 4454 der
842 4404 980 4454 Gebrauch
1001 4405 1244 4482 des·historischen
1260 4403 1386 4454 Infinitiss

116 4477 155 4528 bei
167 4477 272 4527 Sallust.
285 4478 368 4541 tgtau,
383 4481 454 4528 1866.

145 4553 168 4598 2.
184 4549 274 4612 Nuper
288 4547 367 4597 etism
381 4549 420 4597 vir
435 4547 538 4612 quidam
551 4547 578 4596 in
589 4546 729 4596 Germania
741 4546 842 4605 doctus,
856 4547 889 4596 ad
904 4545 1090 4610 philologicam
1105 4546 1217 4595 Beroliui
1235 4546 1386 4596 societatem

114 4620 229 4668 reserens
244 4620 274 4668 de
289 4620 355 4671 libro
371 4619 396 4668 J.
415 4617 607 4668 Eidenschinlrii
623 4619 672 4668 der
686 4613 805 4682 Infinitis
810 4619 850 4669 bel
864 4619 1001 4669 coroebus
1010 4619 1095 4683 Nepos
1110 4617 1246 4680 inscripto,
1263 4615 1387 4668 historici

8 4751 9 4764 ἵ
116 4687 231 4740 infinitivi
248 4691 449 4756 appellationem
463 4690 550 4754 arguit
563 4690 793 4752 etdescrtpttoum
810 4705 871 4739 eum
890 4688 991 4739 censuit
1013 4689 1210 4757 nominandum,
1230 4687 1394 4738 novamen»

8 4777 10 4798 v
117 4762 176 4825 quid
191 4769 268 4826 atqua
283 4761 418 4822 eximium,
433 4767 462 4812 ut
472 4761 582 4819 videtur,
599 4761 749 4814 existimans
763 4775 796 4810 se
806 4760 946 4812 invenisse:
1162 4755 1166 4760 ’
