3534 5720
664 437 863 498 -123-

157 585 217 649 -l⁰-
232 581 326 648 Mille
339 584 487 650 omnibus
509 585 705 670 temporibus
725 603 794 650 cum
816 582 955 668 genitivo
981 581 1116 668 pluralis
1140 595 1326 668 usurpatur,
1348 583 1400 648 sed

124 701 254 756 tanturn
266 691 462 756 nominativo
477 701 507 755 et
523 692 712 766 accusativo,
726 689 947 758 utobservavit
962 688 999 755 0.
1016 688 1171 766 Schmidt·
1195 690 1290 772 (Berl.
1308 691 1404 756 Zeits·

124 798 226 864 christ
242 799 294 862 liir
309 797 366 862 das
381 797 622 882 Gymnasialm,
646 797 744 876 l=868‚
763 818 794 882 p.
810 797 907 880 537);
930 797 1019 882 cujus
1035 817 1135 862 unum,
1150 809 1274 864 tautum
1297 817 1403 862 exem-

123 905 220 990 plum
240 903 518 970 allertSallustius
533 905 605 989 lug.
625 904 679 983 68,
698 905 730 982 3,
747 901 840 968 ducet
858 901 1016 990 oppidana
1039 905 1163 988 Vaparn
1176 923 1242 968 nan
1257 901 1402 990 amplias

122 1009 220 1075 mille
235 1029 388 1095 passuum
412 1031 488 1076 esse.
515 1011 555 1076 At
576 1011 607 1076 in
628 1012 700 1095 lug.
730 1012 805 1088 105,
823 1011 854 1088 3,
873 1031 947 1074 cani
967 1007 1057 1074 mille
1070 1029 1137 1074 eron
1150 1007 1293 1098 amplius
1308 1009 1401 1096 eqni-

123 1115 216 1181 tibns
238 1113 476 1194 assentandi,
500 1117 737 1182 substantivum
762 1116 899 1181 ablativo
927 1135 998 1180 casu
1025 1116 1155 1200 ponitur
1176 1124 1303 1200 propter
1327 1136 1402 1180 atino

122 1222 397 1307 conjunctionem,
416 1205 612 1289 nulla'ntilie
632 1223 714 1290 vocis
733 1223 856 1288 ratione
871 1222 992 1288 lralrita.

170 1331 208 1395 2⁰
231 1328 582 1415 Genitivusadjectivis
605 1330 751 1394 neutrius
771 1327 895 1414 generis
916 1327 1033 1414 saepius
1061 1327 1146 1412 apud
1163 1329 1311 1396 Nostrum
1326 1329 1402 1394 sulv-

117 1437 288 1522 jungitur:
304 1457 375 1522 quae
386 1436 579 1502 constructio
595 1435 682 1528 apud
696 1448 814 1502 veteres
826 1436 995 1522 scriptores
1012 1435 1183 1502 admodum
1198 1434 1398 1520 infrequens,

121 1563 295 1628 nunquam
315 1544 380 1608 lere
406 1543 491 1628 apud
510 1543 694 1608 Ciceronem
721 1542 781 1608 uisi
812 1542 930 1628 plurali
954 1561 1087 1608 numero
1119 1542 1311 1626 (prasertim
1330 1561 1401 1608 curn
1445 1524 1448 1531 ¹

121 1649 353 1732 comparativis
374 1658 406 1714 et
429 1648 646 1733 superlativis)
671 1647 850 1730 iuvenitur;
873 1647 926 1714 sed
951 1658 1059 1733 postea
1073 1669 1100 1714 'a
1119 1647 1208 1715 livio
1228 1649 1402 1732 saepissime

120 1757 329 1843 maximoque
349 1755 642 1840 utactio-utroque
658 1773 790 1820 numero
812 1764 967 1840 usurpata
994 1766 1040 1822 est
1060 1755 1250 1820 Sallustium
1274 1753 1403 1822 imitan-

122 1863 227 1929 tibus.
248 1863 296 1929 Cl.
321 1863 495 1939 oratoru,
515 1862 554 1927 ad
574 1863 641 1928 Lir.
666 1861 719 1938 37,
737 1861 791 1938 58,
808 1861 829 1926 8
837 1885 846 1940 ;
878 1863 1027 1944 praepar,
1050 1861 1169 1946 Syntau
1186 1861 1251 1926 und
1267 1861 1325 1926 Stil
1347 1861 1401 1928 des

122 1970 267 2049 Tacitus,
283 1971 299 2054 ξ
314 1970 373 2048 66;
391 1969 547 2048 Kultnast‚
567 1969 624 2036 Die
640 1969 757 2054 Hautp.
774 1968 807 2034 d.
825 1968 891 2034 Liv.
913 1969 1002 2054 Syut.
1020 1987 1061 2053 p.
1079 1967 1132 2034 78.

167 2078 313 2142 Pluralis
324 2076 449 2142 numeri
461 2096 531 2142 cum
542 2077 681 2160 genitivo
687 2076 698 2162 j
705 2076 788 2144 uncti
798 2060 864 2142 uno
872 2076 1016 2160 exempta
1026 2075 1206 2140 notavimus
1220 2075 1309 2160 :lug.
1325 2073 1400 2150 109,

122 2185 156 2261 9,
166 2181 566 2270 pleraqacltamanarani
581 2203 706 2258 rerunt,
716 2182 773 2254 ubi,
785 2183 882 2250 etiam
896 2180 1087 2248 constructio
1103 2199 1159 2267 per
1169 2175 1307 2266 synesius
1317 2201 1402 2245 cons-

125 2290 263 2372 picitur3
282 2291 362 2354 Hist.
381 2311 428 2369 ιιι,
449 2289 506 2365 82,
526 2291 560 2367 lt,
578 2287 766 2354 certaminis
778 2286 940 2380 adversm
958 2289 1037 2354 Hist.
1056 2309 1095 2368 ιι,
1114 2288 1168 2366 52,
1186 2307 1267 2352 aava
1283 2297 1397 2362 terrm

122 2399 161 2461 H.
173 2419 201 2471 ι,
218 2397 273 2472 nl,
292 2395 416 2461 incerta
430 2394 557 2482 poneris
569 2393 726 2472 normann
744 2396 770 2460 H
776 2447 781 2459 .
796 2415 830 2472 ιι,
847 2396 902 2468 50,
920 2395 952 2473 7,
969 2391 1075 2462 Italia
1090 2392 1272 2459 marituma
1285 2404 1399 2481 etpra-

122 2502 333 2583 ainciarnrn;
347 2504 387 2568 H.
404 2523 445 2578 iv,
464 2502 519 2578 39,
537 2499 645 2582 Italia
657 2499 764 2589 plana
783 2521 822 2566 nc
837 2499 970 2575 mollior
988 2501 1025 2564 H.
1044 2521 1091 2578 ιιι,
1108 2501 1140 2574 7,
1157 2497 1287 2585 reliqua
1302 2497 1402 2565 cada-

123 2631 259 2682 υενιιιης
277 2610 314 2674 Η.
338 2631 361 2688 ι,
379 2609 411 2686 6,
425 2608 460 2674 in
474 2611 596 2674 Oceani
607 2606 805 2696 lanpinqna;
823 2609 893 2694 Jug.
915 2608 969 2684 78,
988 2609 1019 2686 l,
1032 2603 1324 2694 ieprrmcaltnsqae
1336 2604 1376 2693 pl
1392 2643 1402 2654 ·

122 2737 233 2804 eaquae
242 2713 411 2782 Sidonica.
423 2715 599 2781 AddeHist.
613 2736 648 2794 ιι,
658 2716 711 2792 din
721 2717 807 2786 inter
817 2712 900 2780 inca
911 2713 1071 2780 maniam
1081 2725 1113 2777 at
1121 2711 1271 2778 destrunt
1280 2711 1407 2802 flatenen

124 2825 277 2902 Turiam,
296 2824 349 2889 ubi
364 2823 551 2896 ,Dietschius
567 2823 667 2888 nimia
695 2821 863 2907 prudentia
879 2820 961 2888 laea
981 2819 1106 2888 tn‘oenia
1129 2820 1276 2895 correxit,
1301 2839 1405 2904 quon·

124 2949 225 3017 quam
256 2929 415 3014 scriptura
443 2927 604 2994 maenium
621 2928 784 2994 eripiant
808 2930 851 3012 (p,
868 2929 901 3006 9,
919 2928 952 3005 6,
971 2949 1001 3014 p.
1022 2928 1097 3003 tat),
1115 2935 1211 3006 vast.
1226 2927 1260 3002 9,
1279 2947 1309 3012 ρ.
1327 2927 1404 3009 ent)

126 3037 309 3103 testimonio
324 3037 401 3103 satis
416 3037 540 3103 munita
556 3035 692 3121 videtur.
708 3036 803 3102 Falso
817 3035 948 3120 quidem
969 3035 1024 3100 ille
1038 3034 1079 3100 ad
1096 3034 1180 3101 lrunc
1197 3035 1297 3108 locutu
1315 3034 1405 3118 gani·

124 3146 229 3211 tivum
253 3164 330 3210 cum
350 3143 497 3230 adjectivi
521 3152 634 3208 neutro
651 3143 770 3227 plurali
792 3143 837 3208 ita
856 3152 980 3210 tantum
1000 3142 1206 3226 conjunctum
1234 3159 1301 3206 esse
1316 3139 1405 3208 affir-

123 3252 238 3328 mavit,
256 3261 291 3316 ut
308 3261 415 3337 partes
434 3251 530 3316 totius
547 3249 682 3336 alicujus
695 3249 739 3315 rei
757 3249 954 3326 dicerentur,
966 3259 1002 3316 ut
1019 3257 1105 3334 patet
1119 3267 1157 3314 ox
1171 3248 1210 3312 iis
1221 3267 1292 3333 quae
1307 3267 1406 3333 supra

126 3359 260 3425 laudata
282 3369 357 3424 sunt
376 3358 531 3443 exemplis
555 3355 726 3422 «advorsa
748 3355 949 3434 corrumpitis,
967 3354 1156 3442 lanpinqaae
1178 3353 1303 3422 Oceani
1322 3379 1353 3434 a,
1372 3355 1404 3420 in

126 3466 245 3551 quibus
271 3465 427 3552 adjectiva
450 3463 622 3551 qualitates
648 3463 873 3550 adjunctorum
896 3463 1181 3538 substantivorum,
1213 3482 1276 3528 uon
1302 3473 1406 3547 partes

126 3571 320 3658 significant.
340 3573 433 3638 Recte
457 3591 530 3636 vero
552 3569 713 3636 Krilnius:
740 3596 752 3636 r
775 3571 856 3636 Nota
880 3569 1037 3654 insignem
1056 3569 1183 3640 dicendi
1204 3569 1403 3648 brevitatem,

126 3701 191 3766 qua
213 3677 394 3744 interdiana
412 3677 574 3743 moertirnn
586 3689 647 3743 etc.
663 3677 782 3744 dictum
798 3687 845 3741 est
861 3697 916 3761 pro
931 3676 1017 3742 inter
1030 3675 1170 3755 manta,
1187 3696 1265 3763 qttae
1277 3686 1372 3742 errant
1386 3696 1408 3740 a

121 3785 225 3875 parte
252 3785 335 3850 lacon
355 3796 385 3850 et
401 3783 529 3873 flamen
559 3784 707 3865 Tiniatn,
729 3780 908 3872 quoderat
926 3805 948 3848 a
971 3781 1100 3850 deatra.
1140 3811 1150 3845 ι
1179 3783 1219 3850 At
1250 3782 1324 3856 huic
1354 3803 1406 3846 so-

127 3893 295 3977 gacissimo
310 3893 453 3957 Sallustii
473 3886 637 3976 interpreti
662 3891 809 3956 assentiri
826 3910 962 3975 nequeo,
976 3909 1050 3956 cum
1065 3890 1123 3956 hoc
1147 3890 1215 3957 loco
1230 3887 1405 3956 conferenti

128 3999 221 4064 Catil.
246 4000 301 4076 69,
319 4000 351 4073 d,
370 3995 449 4063 narn
465 3997 516 4064 nti
530 3996 687 4087 planities
702 4007 775 4062 erat
793 3996 878 4064 inter
890 3995 1039 4064 sinistras
1052 3995 1172 4064 montis
1187 4005 1219 4062 et
1232 3993 1274 4062 ab
1287 3991 1406 4060 dextra

52 4125 55 4129 ’
128 4125 358 4194 inprospera,
390 4106 443 4172 ubi
475 4104 568 4193 rupis
591 4125 708 4192 aspera
728 4105 886 4191 corrigere
914 4124 978 4170 non
1011 4103 1190 4179 dubitavits
1213 4101 1404 4168 contendens

131 4223 260 4298 propter
278 4212 529 4298 propositionem
541 4211 628 4276 irater
647 4211 921 4276 acctrsativumhic
935 4210 1145 4278 necessarium
1168 4229 1246 4276 esse.
1259 4209 1337 4276 Nam
1357 4227 1393 4274 ac

130 4319 290 4384 cusativus
310 4319 448 4404 pluralis
470 4318 614 4384 neutrius
633 4338 752 4404 aspera
774 4337 846 4384 cum
867 4317 1005 4384 ablativo
1027 4317 1149 4382 causali
1167 4315 1306 4382 construi
1329 4333 1404 4400 pro·

131 4423 209 4490 lecto
224 4433 337 4510 potest,
354 4425 411 4490 etsi
437 4424 658 4490 duriusculum
681 4424 758 4508 quid
784 4434 913 4510 propter
933 4422 1120 4490 brevitatem
1142 4422 1302 4499 efficitur3
1330 4421 1403 4506 jure

130 4531 229 4617 igitur
244 4533 471 4617 interpretatus
491 4543 540 4597 est·
556 4531 740 4597 Jacobslus:
762 4529 806 4596 ab
821 4528 955 4596 dextera
975 4531 1094 4613 (erant)
1109 4527 1333 4616 lacaproptcr
1347 4548 1402 4591 rn-

127 4657 205 4724 pern
224 4658 356 4726 aspera,
375 4647 407 4704 et
431 4639 489 4704 scri
497 4647 589 4724 ptura
613 4637 826 4724 plurimorum
844 4648 939 4721 atque
960 4635 1154 4722 optimorum
1167 4636 1312 4702 codicum
1333 4653 1402 4700 sor-

131 4745 232 4810 vanda
247 4757 304 4811 est.
