<?xml version="1.0" encoding="UTF-8"?>
<!DOCTYPE html PUBLIC "-//W3C//DTD XHTML 1.0 Transitional//EN"
    "http://www.w3.org/TR/xhtml1/DTD/xhtml1-transitional.dtd">
<html xmlns="http://www.w3.org/1999/xhtml" xml:lang="en" lang="en">
 <head>
  <title>
</title>
<meta http-equiv="Content-Type" content="text/html;charset=utf-8" />
  <meta name='ocr-system' content='tesseract 3.04.00' />
  <meta name='ocr-capabilities' content='ocr_page ocr_carea ocr_par ocr_line ocrx_word'/>
</head>
<body>
  <div class='ocr_page' id='page_1' title='image "./desermonesallus01consgoog_0209.png"; bbox 0 0 3534 5720; ppageno 0'>
   <div class='ocr_carea' id='block_1_1' title="bbox 931 449 1130 506">
    <p class='ocr_par' dir='ltr' id='par_1_1' title="bbox 931 449 1130 506">
     <span class='ocr_line' id='line_1_1' title="bbox 931 449 1130 506; baseline 0.005 -1"><span class='ocrx_word' id='word_1_1' title='bbox 931 449 1130 506; x_wconf 68' lang='lat' dir='ltr'>-tses-</span> 
     </span>
    </p>
   </div>
   <div class='ocr_carea' id='block_1_2' title="bbox 308 591 1752 1428">
    <p class='ocr_par' dir='ltr' id='par_1_2' title="bbox 308 591 1752 1428">
     <span class='ocr_line' id='line_1_2' title="bbox 381 591 1646 680; baseline -0.002 -18"><span class='ocrx_word' id='word_1_2' title='bbox 381 596 489 662; x_wconf 88' lang='lat' dir='ltr'>eodem</span> <span class='ocrx_word' id='word_1_3' title='bbox 506 615 599 661; x_wconf 91' lang='lat' dir='ltr'>sensu</span> <span class='ocrx_word' id='word_1_4' title='bbox 615 591 785 680; x_wconf 85' lang='lat' dir='ltr'>quoquod.</span> <span class='ocrx_word' id='word_1_5' title='bbox 807 594 982 660; x_wconf 88' lang='lat' dir='ltr'>llilncidins</span> <span class='ocrx_word' id='word_1_6' title='bbox 997 614 1071 659; x_wconf 87' lang='lat' dir='ltr'>vero</span> <span class='ocrx_word' id='word_1_7' title='bbox 1087 597 1171 660; x_wconf 91' lang='lat' dir='ltr'>hunc</span> <span class='ocrx_word' id='word_1_8' title='bbox 1187 595 1291 660; x_wconf 91' lang='lat' dir='ltr'>locum</span> <span class='ocrx_word' id='word_1_9' title='bbox 1303 595 1441 680; x_wconf 81' lang='lat' dir='ltr'>explicat</span> <span class='ocrx_word' id='word_1_10' title='bbox 1455 593 1646 668; x_wconf 13' lang='lat' dir='ltr'>Dietsehinsffl:</span> 
     </span>
     <span class='ocr_line' id='line_1_3' title="bbox 385 699 1649 786; baseline 0.003 -24"><span class='ocrx_word' id='word_1_11' title='bbox 385 703 609 768; x_wconf 83' lang='lat' dir='ltr'>‹Particulam</span> <span class='ocrx_word' id='word_1_12' title='bbox 628 721 715 779; x_wconf 86' lang='lat' dir='ltr'>eum,</span> <span class='ocrx_word' id='word_1_13' title='bbox 735 701 850 785; x_wconf 89' lang='lat' dir='ltr'>inquit,</span> <span class='ocrx_word' id='word_1_14' title='bbox 875 702 926 766; x_wconf 85' lang='lat' dir='ltr'>nbi</span> <span class='ocrx_word' id='word_1_15' title='bbox 951 701 1173 786; x_wconf 81' lang='lat' dir='ltr'>explieativam</span> <span class='ocrx_word' id='word_1_16' title='bbox 1186 701 1251 766; x_wconf 91' lang='lat' dir='ltr'>vim</span> <span class='ocrx_word' id='word_1_17' title='bbox 1275 702 1383 779; x_wconf 83' lang='lat' dir='ltr'>habet,</span> <span class='ocrx_word' id='word_1_18' title='bbox 1412 699 1649 786; x_wconf 79' lang='lat' dir='ltr'>quoniam&#39;qnar</span> 
     </span>
     <span class='ocr_line' id='line_1_4' title="bbox 308 806 1649 895; baseline -0.002 -20"><span class='ocrx_word' id='word_1_19' title='bbox 308 806 310 810; x_wconf 45' lang='lat'><em>⁴</em></span> <span class='ocrx_word' id='word_1_20' title='bbox 381 811 425 875; x_wconf 91' lang='lat' dir='ltr'>sic</span> <span class='ocrx_word' id='word_1_21' title='bbox 448 809 685 895; x_wconf 82' lang='lat' dir='ltr'>conjunguntur·</span> <span class='ocrx_word' id='word_1_22' title='bbox 715 827 775 872; x_wconf 93' lang='lat' dir='ltr'>non</span> <span class='ocrx_word' id='word_1_23' title='bbox 804 817 866 872; x_wconf 88' lang='lat' dir='ltr'>tam</span> <span class='ocrx_word' id='word_1_24' title='bbox 891 809 1009 873; x_wconf 88' lang='lat' dir='ltr'>causali</span> <span class='ocrx_word' id='word_1_25' title='bbox 1041 829 1123 873; x_wconf 88' lang='lat' dir='ltr'>nexu</span> <span class='ocrx_word' id='word_1_26' title='bbox 1152 809 1357 876; x_wconf 86' lang='lat' dir='ltr'>continentur</span> <span class='ocrx_word' id='word_1_27' title='bbox 1382 828 1479 893; x_wconf 91' lang='lat' dir='ltr'>qnam</span> <span class='ocrx_word' id='word_1_28' title='bbox 1505 808 1649 892; x_wconf 89' lang='lat' dir='ltr'>temperis</span> 
     </span>
     <span class='ocr_line' id='line_1_5' title="bbox 381 913 1648 1001; baseline -0.003 -19"><span class='ocrx_word' id='word_1_29' title='bbox 381 916 613 1000; x_wconf 75' lang='lat' dir='ltr'>conjonctione,</span> <span class='ocrx_word' id='word_1_30' title='bbox 631 933 826 1001; x_wconf 86' lang='lat' dir='ltr'>quamquam</span> <span class='ocrx_word' id='word_1_31' title='bbox 845 923 919 978; x_wconf 92' lang='lat' dir='ltr'>sunt</span> <span class='ocrx_word' id='word_1_32' title='bbox 935 914 989 998; x_wconf 90' lang='lat' dir='ltr'>qni</span> <span class='ocrx_word' id='word_1_33' title='bbox 1006 935 1078 980; x_wconf 92' lang='lat' dir='ltr'>enm</span> <span class='ocrx_word' id='word_1_34' title='bbox 1100 935 1193 980; x_wconf 88' lang='lat' dir='ltr'>nsum</span> <span class='ocrx_word' id='word_1_35' title='bbox 1209 916 1248 981; x_wconf 91' lang='lat' dir='ltr'>ab</span> <span class='ocrx_word' id='word_1_36' title='bbox 1267 914 1477 980; x_wconf 76' lang='lat' dir='ltr'>conditionali</span> <span class='ocrx_word' id='word_1_37' title='bbox 1493 913 1562 999; x_wconf 85' lang='lat' dir='ltr'>ejus</span> <span class='ocrx_word' id='word_1_38' title='bbox 1580 934 1648 999; x_wconf 87' lang='lat' dir='ltr'>par·</span> 
     </span>
     <span class='ocr_line' id='line_1_6' title="bbox 382 1021 1648 1107; baseline -0.002 -19"><span class='ocrx_word' id='word_1_39' title='bbox 382 1023 487 1088; x_wconf 80' lang='grc'>4444444</span> <span class='ocrx_word' id='word_1_40' title='bbox 510 1021 742 1107; x_wconf 83' lang='lat' dir='ltr'>significatione</span> <span class='ocrx_word' id='word_1_41' title='bbox 766 1032 923 1104; x_wconf 83' lang='lat' dir='ltr'>repetant,</span> <span class='ocrx_word' id='word_1_42' title='bbox 947 1021 1155 1086; x_wconf 86' lang='lat' dir='ltr'>indicativum</span> <span class='ocrx_word' id='word_1_43' title='bbox 1177 1041 1285 1106; x_wconf 84' lang='lat' dir='ltr'>regere</span> <span class='ocrx_word' id='word_1_44' title='bbox 1302 1033 1436 1087; x_wconf 88' lang='lat' dir='ltr'>constat.</span> <span class='ocrx_word' id='word_1_45' title='bbox 1460 1048 1536 1080; x_wconf 68' lang='grc'>4-</span> <span class='ocrx_word' id='word_1_46' title='bbox 1553 1021 1648 1094; x_wconf 69' lang='lat' dir='ltr'>Cum,</span> 
     </span>
     <span class='ocr_line' id='line_1_7' title="bbox 381 1124 1650 1216; baseline -0.002 -23"><span class='ocrx_word' id='word_1_47' title='bbox 381 1128 489 1194; x_wconf 89' lang='lat' dir='ltr'>addito</span> <span class='ocrx_word' id='word_1_48' title='bbox 505 1127 667 1215; x_wconf 82' lang='lat' dir='ltr'>primum,</span> <span class='ocrx_word' id='word_1_49' title='bbox 685 1138 714 1190; x_wconf 89' lang='grc'>44</span> <span class='ocrx_word' id='word_1_50' title='bbox 726 1125 910 1214; x_wconf 76' lang='lat' dir='ltr'>perfeetum</span> <span class='ocrx_word' id='word_1_51' title='bbox 931 1124 1125 1192; x_wconf 77' lang='lat' dir='ltr'>historicum</span> <span class='ocrx_word' id='word_1_52' title='bbox 1142 1129 1173 1192; x_wconf 88' lang='lat' dir='ltr'>in</span> <span class='ocrx_word' id='word_1_53' title='bbox 1191 1129 1334 1204; x_wconf 77' lang='lat' dir='ltr'>relativo,</span> <span class='ocrx_word' id='word_1_54' title='bbox 1347 1127 1650 1216; x_wconf 79' lang='lat' dir='ltr'>plusquamperfec-</span> 
     </span>
     <span class='ocr_line' id='line_1_8' title="bbox 381 1231 1752 1321; baseline -0.003 -21"><span class='ocrx_word' id='word_1_55' title='bbox 381 1247 451 1300; x_wconf 87' lang='lat' dir='ltr'>tum</span> <span class='ocrx_word' id='word_1_56' title='bbox 467 1237 499 1298; x_wconf 93' lang='lat' dir='ltr'>in</span> <span class='ocrx_word' id='word_1_57' title='bbox 523 1235 673 1320; x_wconf 87' lang='lat' dir='ltr'>primario</span> <span class='ocrx_word' id='word_1_58' title='bbox 698 1234 880 1310; x_wconf 80' lang='lat' dir='ltr'>andecimo,</span> <span class='ocrx_word' id='word_1_59' title='bbox 897 1235 967 1318; x_wconf 81' lang='lat' dir='ltr'>lug.</span> <span class='ocrx_word' id='word_1_60' title='bbox 990 1235 1045 1310; x_wconf 82' lang='grc'>64,</span> <span class='ocrx_word' id='word_1_61' title='bbox 1068 1236 1100 1313; x_wconf 95' lang='grc'>7,</span> <span class='ocrx_word' id='word_1_62' title='bbox 1118 1234 1234 1321; x_wconf 78' lang='lat' dir='ltr'>pauci,</span> <span class='ocrx_word' id='word_1_63' title='bbox 1261 1255 1336 1299; x_wconf 85' lang='lat' dir='ltr'>earn</span> <span class='ocrx_word' id='word_1_64' title='bbox 1358 1233 1507 1321; x_wconf 84' lang='lat' dir='ltr'>primam</span> <span class='ocrx_word' id='word_1_65' title='bbox 1528 1231 1649 1298; x_wconf 82' lang='lat' dir='ltr'>deditio</span> <span class='ocrx_word' id='word_1_66' title='bbox 1750 1293 1752 1314; x_wconf 56' lang='grc'>,</span> 
     </span>
     <span class='ocr_line' id='line_1_9' title="bbox 379 1325 1751 1428; baseline -0.001 -22"><span class='ocrx_word' id='word_1_67' title='bbox 379 1341 489 1428; x_wconf 82' lang='lat' dir='ltr'>eoepit,</span> <span class='ocrx_word' id='word_1_68' title='bbox 513 1338 559 1404; x_wconf 86' lang='lat' dir='ltr'>ad</span> <span class='ocrx_word' id='word_1_69' title='bbox 578 1360 686 1427; x_wconf 78' lang='lat' dir='ltr'>repam</span> <span class='ocrx_word' id='word_1_70' title='bbox 709 1338 871 1404; x_wconf 83' lang='lat' dir='ltr'>Bocchum</span> <span class='ocrx_word' id='word_1_71' title='bbox 896 1340 931 1404; x_wconf 79' lang='grc'>444</span> <span class='ocrx_word' id='word_1_72' title='bbox 951 1340 1193 1406; x_wconf 76' lang='lat' dir='ltr'>Mauritaniam</span> <span class='ocrx_word' id='word_1_73' title='bbox 1215 1338 1377 1406; x_wconf 80' lang='lat' dir='ltr'>abierunt.</span> <span class='ocrx_word' id='word_1_74' title='bbox 1407 1340 1565 1406; x_wconf 75' lang='lat' dir='ltr'>Similiter</span> <span class='ocrx_word' id='word_1_75' title='bbox 1581 1341 1647 1421; x_wconf 76' lang='lat' dir='ltr'>lug.</span> <span class='ocrx_word' id='word_1_76' title='bbox 1750 1325 1751 1336; x_wconf 10' lang='grc' dir='ltr'>ἵ</span> 
     </span>
    </p>
   </div>
   <div class='ocr_carea' id='block_1_3' title="bbox 380 1443 1752 1534">
    <p class='ocr_par' dir='ltr' id='par_1_3' title="bbox 380 1443 1752 1534">
     <span class='ocr_line' id='line_1_10' title="bbox 380 1443 1752 1534; baseline -0.004 -20"><span class='ocrx_word' id='word_1_77' title='bbox 380 1449 435 1526; x_wconf 77' lang='lat' dir='ltr'>cl,</span> <span class='ocrx_word' id='word_1_78' title='bbox 458 1449 489 1526; x_wconf 89' lang='grc'>4,</span> <span class='ocrx_word' id='word_1_79' title='bbox 511 1445 649 1532; x_wconf 83' lang='lat' dir='ltr'>denique</span> <span class='ocrx_word' id='word_1_80' title='bbox 671 1457 761 1510; x_wconf 80' lang='lat' dir='ltr'><em>saaca</em></span> <span class='ocrx_word' id='word_1_81' title='bbox 781 1443 844 1526; x_wconf 84' lang='lat' dir='ltr'>die,</span> <span class='ocrx_word' id='word_1_82' title='bbox 869 1467 945 1510; x_wconf 85' lang='lat' dir='ltr'>eam</span> <span class='ocrx_word' id='word_1_83' title='bbox 966 1444 1013 1511; x_wconf 90' lang='lat' dir='ltr'>ad</span> <span class='ocrx_word' id='word_1_84' title='bbox 1029 1445 1157 1534; x_wconf 70' lang='lat' dir='ltr'>flumen</span> <span class='ocrx_word' id='word_1_85' title='bbox 1180 1458 1314 1512; x_wconf 85' lang='lat' dir='ltr'>veretum</span> <span class='ocrx_word' id='word_1_86' title='bbox 1339 1459 1396 1525; x_wconf 88' lang='lat' dir='ltr'>est,</span> <span class='ocrx_word' id='word_1_87' title='bbox 1422 1468 1587 1512; x_wconf 74' lang='lat' dir='ltr'>maxuma</span> <span class='ocrx_word' id='word_1_88' title='bbox 1607 1445 1650 1510; x_wconf 86' lang='lat' dir='ltr'>eis</span> <span class='ocrx_word' id='word_1_89' title='bbox 1751 1469 1752 1476; x_wconf 48' lang='lat'>¹</span> 
     </span>
    </p>
   </div>
   <div class='ocr_carea' id='block_1_4' title="bbox 377 1552 1670 2174">
    <p class='ocr_par' dir='ltr' id='par_1_4' title="bbox 381 1552 1184 1640">
     <span class='ocr_line' id='line_1_11' title="bbox 381 1552 1184 1640; baseline 0 -22"><span class='ocrx_word' id='word_1_90' title='bbox 381 1565 494 1618; x_wconf 84' lang='lat' dir='ltr'>utrum</span> <span class='ocrx_word' id='word_1_91' title='bbox 513 1552 642 1640; x_wconf 80' lang='lat' dir='ltr'>effecta,</span> <span class='ocrx_word' id='word_1_92' title='bbox 661 1553 712 1618; x_wconf 90' lang='lat' dir='ltr'>ubi</span> <span class='ocrx_word' id='word_1_93' title='bbox 730 1563 802 1617; x_wconf 89' lang='lat' dir='ltr'>erat</span> <span class='ocrx_word' id='word_1_94' title='bbox 815 1553 1031 1638; x_wconf 86' lang='lat' dir='ltr'>supplendum</span> <span class='ocrx_word' id='word_1_95' title='bbox 1048 1555 1184 1620; x_wconf 80' lang='lat' dir='ltr'>videtur.</span> 
     </span>
    </p>

    <p class='ocr_par' dir='ltr' id='par_1_5' title="bbox 377 1661 1670 2174">
     <span class='ocr_line' id='line_1_12' title="bbox 426 1661 1650 1748; baseline -0.002 -23"><span class='ocrx_word' id='word_1_96' title='bbox 426 1662 458 1725; x_wconf 85' lang='grc' dir='ltr'>4ο</span> <span class='ocrx_word' id='word_1_97' title='bbox 482 1662 820 1733; x_wconf 76' lang='lat' dir='ltr'>Plusculuennrncrun</span> <span class='ocrx_word' id='word_1_98' title='bbox 845 1663 875 1724; x_wconf 93' lang='lat' dir='ltr'>in</span> <span class='ocrx_word' id='word_1_99' title='bbox 899 1661 1044 1735; x_wconf 77' lang='lat' dir='ltr'>relativo,</span> <span class='ocrx_word' id='word_1_100' title='bbox 1069 1661 1301 1748; x_wconf 81' lang='lat' dir='ltr'>imperfectum</span> <span class='ocrx_word' id='word_1_101' title='bbox 1321 1663 1354 1726; x_wconf 91' lang='lat' dir='ltr'>in</span> <span class='ocrx_word' id='word_1_102' title='bbox 1378 1662 1531 1745; x_wconf 88' lang='lat' dir='ltr'>primario</span> <span class='ocrx_word' id='word_1_103' title='bbox 1551 1679 1650 1724; x_wconf 89' lang='lat' dir='ltr'>enun-</span> 
     </span>
     <span class='ocr_line' id='line_1_13' title="bbox 380 1765 1652 1851; baseline -0.003 -18"><span class='ocrx_word' id='word_1_104' title='bbox 380 1769 474 1842; x_wconf 76' lang='grc'>444444,</span> <span class='ocrx_word' id='word_1_105' title='bbox 493 1768 642 1850; x_wconf 84' lang='lat' dir='ltr'>frequens</span> <span class='ocrx_word' id='word_1_106' title='bbox 658 1778 704 1830; x_wconf 89' lang='lat' dir='ltr'>est</span> <span class='ocrx_word' id='word_1_107' title='bbox 720 1765 803 1850; x_wconf 69' lang='grc'>44444</span> <span class='ocrx_word' id='word_1_108' title='bbox 820 1766 976 1832; x_wconf 69' lang='lat' dir='ltr'>Caesarem</span> <span class='ocrx_word' id='word_1_109' title='bbox 1002 1779 1033 1832; x_wconf 90' lang='grc'>44</span> <span class='ocrx_word' id='word_1_110' title='bbox 1053 1768 1249 1843; x_wconf 77' lang='lat' dir='ltr'>Ciceronem,</span> <span class='ocrx_word' id='word_1_111' title='bbox 1273 1788 1382 1833; x_wconf 90' lang='lat' dir='ltr'>rarum</span> <span class='ocrx_word' id='word_1_112' title='bbox 1403 1767 1487 1851; x_wconf 88' lang='lat' dir='ltr'>apud</span> <span class='ocrx_word' id='word_1_113' title='bbox 1510 1769 1603 1844; x_wconf 87' lang='lat' dir='ltr'>alios,</span> <span class='ocrx_word' id='word_1_114' title='bbox 1624 1779 1652 1829; x_wconf 91' lang='lat' dir='ltr'>et</span> 
     </span>
     <span class='ocr_line' id='line_1_14' title="bbox 381 1872 1670 1957; baseline -0.002 -19"><span class='ocrx_word' id='word_1_115' title='bbox 381 1875 537 1939; x_wconf 89' lang='lat' dir='ltr'>actionem</span> <span class='ocrx_word' id='word_1_116' title='bbox 566 1872 733 1957; x_wconf 87' lang='lat' dir='ltr'>repetitam</span> <span class='ocrx_word' id='word_1_117' title='bbox 757 1873 918 1956; x_wconf 79' lang='lat' dir='ltr'>designat3</span> <span class='ocrx_word' id='word_1_118' title='bbox 948 1891 1021 1957; x_wconf 86' lang='lat' dir='ltr'>qnae</span> <span class='ocrx_word' id='word_1_119' title='bbox 1053 1876 1246 1940; x_wconf 81' lang='lat' dir='ltr'>constructio</span> <span class='ocrx_word' id='word_1_120' title='bbox 1272 1875 1410 1939; x_wconf 88' lang='lat' dir='ltr'>occurrit</span> <span class='ocrx_word' id='word_1_121' title='bbox 1427 1875 1498 1954; x_wconf 75' lang='lat' dir='ltr'>lug.</span> <span class='ocrx_word' id='word_1_122' title='bbox 1531 1875 1591 1952; x_wconf 90' lang='grc'>44,</span> <span class='ocrx_word' id='word_1_123' title='bbox 1620 1873 1670 1946; x_wconf 64' lang='lat' dir='ltr'>le⁴</span> 
     </span>
     <span class='ocr_line' id='line_1_15' title="bbox 377 1976 1653 2068; baseline -0.002 -24"><span class='ocrx_word' id='word_1_124' title='bbox 377 1979 574 2068; x_wconf 83' lang='lat' dir='ltr'>pleramque</span> <span class='ocrx_word' id='word_1_125' title='bbox 589 1977 709 2044; x_wconf 79' lang='lat' dir='ltr'>milites</span> <span class='ocrx_word' id='word_1_126' title='bbox 732 1976 858 2042; x_wconf 80' lang='lat' dir='ltr'>statiuis</span> <span class='ocrx_word' id='word_1_127' title='bbox 873 1977 988 2043; x_wconf 84' lang='lat' dir='ltr'>castris</span> <span class='ocrx_word' id='word_1_128' title='bbox 1006 1976 1163 2056; x_wconf 80' lang='lat' dir='ltr'>debebat,</span> <span class='ocrx_word' id='word_1_129' title='bbox 1180 1979 1245 2045; x_wconf 83' lang='lat' dir='ltr'>rrist&#39;</span> <span class='ocrx_word' id='word_1_130' title='bbox 1265 2001 1340 2046; x_wconf 87' lang='lat' dir='ltr'>ettm</span> <span class='ocrx_word' id='word_1_131' title='bbox 1355 1978 1433 2046; x_wconf 87' lang='lat' dir='ltr'>odos</span> <span class='ocrx_word' id='word_1_132' title='bbox 1457 1992 1519 2044; x_wconf 83' lang='lat' dir='ltr'>aut</span> <span class='ocrx_word' id='word_1_133' title='bbox 1537 1977 1653 2066; x_wconf 82' lang='lat' dir='ltr'>pabuli</span> 
     </span>
     <span class='ocr_line' id='line_1_16' title="bbox 380 2081 1651 2174; baseline -0.001 -23"><span class='ocrx_word' id='word_1_134' title='bbox 380 2098 505 2174; x_wconf 76' lang='lat' dir='ltr'>epactas</span> <span class='ocrx_word' id='word_1_135' title='bbox 520 2085 628 2149; x_wconf 85' lang='lat' dir='ltr'>laeum</span> <span class='ocrx_word' id='word_1_136' title='bbox 641 2095 771 2149; x_wconf 86' lang='lat' dir='ltr'>mutare</span> <span class='ocrx_word' id='word_1_137' title='bbox 784 2081 974 2170; x_wconf 76' lang='lat' dir='ltr'>sadeqerat3</span> <span class='ocrx_word' id='word_1_138' title='bbox 995 2087 1023 2152; x_wconf 89' lang='lat' dir='ltr'>J.</span> <span class='ocrx_word' id='word_1_139' title='bbox 1041 2087 1096 2165; x_wconf 88' lang='grc'>94,</span> <span class='ocrx_word' id='word_1_140' title='bbox 1118 2087 1140 2152; x_wconf 91' lang='lat'>8</span> <span class='ocrx_word' id='word_1_141' title='bbox 1158 2099 1188 2152; x_wconf 89' lang='lat' dir='ltr'>et</span> <span class='ocrx_word' id='word_1_142' title='bbox 1203 2087 1236 2162; x_wconf 84' lang='lat'>9,</span> <span class='ocrx_word' id='word_1_143' title='bbox 1253 2086 1355 2152; x_wconf 75' lang='lat' dir='ltr'>ciuem</span> <span class='ocrx_word' id='word_1_144' title='bbox 1367 2108 1442 2152; x_wconf 87' lang='lat' dir='ltr'>cum</span> <span class='ocrx_word' id='word_1_145' title='bbox 1458 2085 1587 2173; x_wconf 73' lang='lat' dir='ltr'>tepenti</span> <span class='ocrx_word' id='word_1_146' title='bbox 1594 2107 1651 2173; x_wconf 87' lang='lat' dir='ltr'>pe·</span> 
     </span>
    </p>
   </div>
   <div class='ocr_carea' id='block_1_5' title="bbox 380 2189 1752 2282">
    <p class='ocr_par' dir='ltr' id='par_1_6' title="bbox 380 2189 1752 2282">
     <span class='ocr_line' id='line_1_17' title="bbox 380 2189 1752 2282; baseline -0.001 -25"><span class='ocrx_word' id='word_1_147' title='bbox 380 2191 484 2258; x_wconf 81' lang='lat' dir='ltr'>riculo</span> <span class='ocrx_word' id='word_1_148' title='bbox 496 2191 627 2278; x_wconf 82' lang='lat' dir='ltr'>frustra</span> <span class='ocrx_word' id='word_1_149' title='bbox 642 2189 839 2277; x_wconf 71' lang='lat' dir='ltr'>aqebanta‘r.</span> <span class='ocrx_word' id='word_1_150' title='bbox 856 2193 945 2258; x_wconf 88' lang='lat' dir='ltr'>Nam</span> <span class='ocrx_word' id='word_1_151' title='bbox 968 2211 1044 2257; x_wconf 86' lang='lat' dir='ltr'>cum</span> <span class='ocrx_word' id='word_1_152' title='bbox 1066 2213 1111 2258; x_wconf 78' lang='grc'>444</span> <span class='ocrx_word' id='word_1_153' title='bbox 1126 2192 1231 2280; x_wconf 84' lang='lat' dir='ltr'>paulo</span> <span class='ocrx_word' id='word_1_154' title='bbox 1247 2204 1488 2282; x_wconf 83' lang='lat' dir='ltr'>processerant,</span> <span class='ocrx_word' id='word_1_155' title='bbox 1510 2191 1584 2278; x_wconf 75' lang='lat' dir='ltr'>iqui</span> <span class='ocrx_word' id='word_1_156' title='bbox 1597 2201 1651 2256; x_wconf 85' lang='lat' dir='ltr'>aot</span> <span class='ocrx_word' id='word_1_157' title='bbox 1750 2189 1752 2228; x_wconf 77' lang='lat'>³</span> 
     </span>
    </p>
   </div>
   <div class='ocr_carea' id='block_1_6' title="bbox 290 2289 1650 2811">
    <p class='ocr_par' dir='ltr' id='par_1_7' title="bbox 290 2289 1650 2599">
     <span class='ocr_line' id='line_1_18' title="bbox 380 2289 1650 2387; baseline -0.002 -24"><span class='ocrx_word' id='word_1_158' title='bbox 380 2289 547 2387; x_wconf 73' lang='lat' dir='ltr'>lapididus</span> <span class='ocrx_word' id='word_1_159' title='bbox 572 2295 891 2385; x_wconf 82' lang='lat' dir='ltr'>conrumpebautar3</span> <span class='ocrx_word' id='word_1_160' title='bbox 910 2298 988 2362; x_wconf 89' lang='lat' dir='ltr'>Hist.</span> <span class='ocrx_word' id='word_1_161' title='bbox 1017 2320 1038 2374; x_wconf 84' lang='grc'>4,</span> <span class='ocrx_word' id='word_1_162' title='bbox 1060 2301 1115 2374; x_wconf 86' lang='grc'>60,</span> <span class='ocrx_word' id='word_1_163' title='bbox 1139 2321 1255 2365; x_wconf 86' lang='lat' dir='ltr'>earam</span> <span class='ocrx_word' id='word_1_164' title='bbox 1280 2298 1355 2365; x_wconf 82' lang='lat' dir='ltr'>allae</span> <span class='ocrx_word' id='word_1_165' title='bbox 1373 2297 1558 2386; x_wconf 80' lang='lat' dir='ltr'>paululum</span> <span class='ocrx_word' id='word_1_166' title='bbox 1580 2319 1650 2386; x_wconf 83' lang='lat' dir='ltr'>pro·</span> 
     </span>
     <span class='ocr_line' id='line_1_19' title="bbox 379 2403 1648 2493; baseline -0.002 -23"><span class='ocrx_word' id='word_1_167' title='bbox 379 2425 496 2492; x_wconf 80' lang='lat' dir='ltr'>pressae</span> <span class='ocrx_word' id='word_1_168' title='bbox 510 2404 613 2469; x_wconf 82' lang='lat' dir='ltr'>rtimio</span> <span class='ocrx_word' id='word_1_169' title='bbox 632 2403 735 2468; x_wconf 79' lang='lat' dir='ltr'>simul</span> <span class='ocrx_word' id='word_1_170' title='bbox 754 2416 786 2468; x_wconf 88' lang='lat' dir='ltr'>et</span> <span class='ocrx_word' id='word_1_171' title='bbox 804 2403 925 2468; x_wconf 80' lang='lat' dir='ltr'>lacerto</span> <span class='ocrx_word' id='word_1_172' title='bbox 940 2424 1058 2484; x_wconf 77' lang='grc'>444444,</span> <span class='ocrx_word' id='word_1_173' title='bbox 1080 2427 1154 2471; x_wconf 84' lang='lat' dir='ltr'>eum</span> <span class='ocrx_word' id='word_1_174' title='bbox 1173 2427 1312 2493; x_wconf 88' lang='lat' dir='ltr'>corpora</span> <span class='ocrx_word' id='word_1_175' title='bbox 1329 2427 1436 2493; x_wconf 86' lang='lat' dir='ltr'>panor</span> <span class='ocrx_word' id='word_1_176' title='bbox 1455 2405 1648 2492; x_wconf 70' lang='grc'>4944444444,</span> 
     </span>
     <span class='ocr_line' id='line_1_20' title="bbox 290 2509 662 2599; baseline -0.008 -22"><span class='ocrx_word' id='word_1_177' title='bbox 290 2515 297 2528; x_wconf 83' lang='grc'><strong>’</strong></span> <span class='ocrx_word' id='word_1_178' title='bbox 380 2509 662 2599; x_wconf 79' lang='lat' dir='ltr'>deprimebantur.</span> 
     </span>
    </p>

    <p class='ocr_par' dir='ltr' id='par_1_8' title="bbox 383 2617 1650 2811">
     <span class='ocr_line' id='line_1_21' title="bbox 425 2617 1650 2705; baseline -0.004 -21"><span class='ocrx_word' id='word_1_179' title='bbox 425 2620 458 2684; x_wconf 82' lang='lat'>5⁰</span> <span class='ocrx_word' id='word_1_180' title='bbox 478 2620 628 2700; x_wconf 74' lang='grc'>4444444</span> <span class='ocrx_word' id='word_1_181' title='bbox 654 2618 686 2682; x_wconf 91' lang='lat' dir='ltr'>in</span> <span class='ocrx_word' id='word_1_182' title='bbox 705 2617 851 2694; x_wconf 82' lang='lat' dir='ltr'>relativo,</span> <span class='ocrx_word' id='word_1_183' title='bbox 879 2618 1086 2703; x_wconf 82' lang='lat' dir='ltr'>imperativus</span> <span class='ocrx_word' id='word_1_184' title='bbox 1112 2620 1208 2684; x_wconf 92' lang='lat' dir='ltr'>lntnri</span> <span class='ocrx_word' id='word_1_185' title='bbox 1231 2630 1286 2684; x_wconf 92' lang='lat' dir='ltr'>aut</span> <span class='ocrx_word' id='word_1_186' title='bbox 1305 2619 1527 2705; x_wconf 84' lang='lat' dir='ltr'>conjunctivus</span> <span class='ocrx_word' id='word_1_187' title='bbox 1550 2617 1650 2682; x_wconf 89' lang='lat' dir='ltr'>linalis</span> 
     </span>
     <span class='ocr_line' id='line_1_22' title="bbox 383 2722 1649 2811; baseline -0.002 -23"><span class='ocrx_word' id='word_1_188' title='bbox 383 2727 414 2790; x_wconf 95' lang='lat' dir='ltr'>in</span> <span class='ocrx_word' id='word_1_189' title='bbox 433 2725 583 2811; x_wconf 87' lang='lat' dir='ltr'>primario</span> <span class='ocrx_word' id='word_1_190' title='bbox 603 2724 772 2788; x_wconf 86' lang='lat' dir='ltr'>enuncieto</span> <span class='ocrx_word' id='word_1_191' title='bbox 791 2746 797 2787; x_wconf 94' lang='lat'>:</span> <span class='ocrx_word' id='word_1_192' title='bbox 817 2725 884 2788; x_wconf 85' lang='lat' dir='ltr'>Cat.</span> <span class='ocrx_word' id='word_1_193' title='bbox 904 2725 959 2802; x_wconf 88' lang='grc'>54,</span> <span class='ocrx_word' id='word_1_194' title='bbox 978 2725 1031 2802; x_wconf 88' lang='grc'>47,</span> <span class='ocrx_word' id='word_1_195' title='bbox 1052 2744 1157 2810; x_wconf 81' lang='lat' dir='ltr'>qltare</span> <span class='ocrx_word' id='word_1_196' title='bbox 1171 2745 1246 2790; x_wconf 84' lang='lat' dir='ltr'>cum</span> <span class='ocrx_word' id='word_1_197' title='bbox 1258 2722 1298 2790; x_wconf 84' lang='lat' dir='ltr'>de</span> <span class='ocrx_word' id='word_1_198' title='bbox 1317 2727 1355 2790; x_wconf 90' lang='lat' dir='ltr'>P.</span> <span class='ocrx_word' id='word_1_199' title='bbox 1374 2722 1513 2790; x_wconf 84' lang='lat' dir='ltr'>Lentulo</span> <span class='ocrx_word' id='word_1_200' title='bbox 1529 2722 1649 2789; x_wconf 85' lang='lat' dir='ltr'>ceteris-</span> 
     </span>
    </p>
   </div>
   <div class='ocr_carea' id='block_1_7' title="bbox 379 2827 1751 3025">
    <p class='ocr_par' dir='ltr' id='par_1_9' title="bbox 379 2827 1751 3025">
     <span class='ocr_line' id='line_1_23' title="bbox 381 2827 1751 2919; baseline -0.003 -23"><span class='ocrx_word' id='word_1_201' title='bbox 381 2853 443 2919; x_wconf 85' lang='lat' dir='ltr'>que</span> <span class='ocrx_word' id='word_1_202' title='bbox 462 2831 618 2906; x_wconf 79' lang='lat' dir='ltr'>statuetis,</span> <span class='ocrx_word' id='word_1_203' title='bbox 634 2851 699 2918; x_wconf 87' lang='lat' dir='ltr'>pro</span> <span class='ocrx_word' id='word_1_204' title='bbox 719 2840 804 2894; x_wconf 87' lang='lat' dir='ltr'>certo</span> <span class='ocrx_word' id='word_1_205' title='bbox 826 2831 971 2897; x_wconf 89' lang='lat' dir='ltr'>habetote</span> <span class='ocrx_word' id='word_1_206' title='bbox 989 2827 1045 2896; x_wconf 81' lang='lat' dir='ltr'>eos</span> <span class='ocrx_word' id='word_1_207' title='bbox 1061 2867 1106 2880; x_wconf 91' lang='lat'>—</span> <span class='ocrx_word' id='word_1_208' title='bbox 1122 2830 1291 2897; x_wconf 82' lang='lat' dir='ltr'>decernere</span> <span class='ocrx_word' id='word_1_209' title='bbox 1297 2857 1309 2909; x_wconf 90' lang='grc'>,·</span> <span class='ocrx_word' id='word_1_210' title='bbox 1327 2833 1383 2910; x_wconf 87' lang='grc'>58,</span> <span class='ocrx_word' id='word_1_211' title='bbox 1398 2833 1431 2910; x_wconf 87' lang='grc'>8,</span> <span class='ocrx_word' id='word_1_212' title='bbox 1449 2843 1649 2919; x_wconf 83' lang='lat' dir='ltr'>quapropter</span> <span class='ocrx_word' id='word_1_213' title='bbox 1750 2865 1751 2876; x_wconf 49' lang='lat'>1</span> 
     </span>
     <span class='ocr_line' id='line_1_24' title="bbox 379 2935 1751 3025; baseline -0.004 -21"><span class='ocrx_word' id='word_1_214' title='bbox 379 2961 436 3004; x_wconf 89' lang='lat' dir='ltr'>vos</span> <span class='ocrx_word' id='word_1_215' title='bbox 454 2959 570 3004; x_wconf 80' lang='lat' dir='ltr'>murteo</span> <span class='ocrx_word' id='word_1_216' title='bbox 587 2936 638 3001; x_wconf 82' lang='lat' dir='ltr'>uti</span> <span class='ocrx_word' id='word_1_217' title='bbox 650 2935 736 3023; x_wconf 77' lang='lat' dir='ltr'>sortt&#39;</span> <span class='ocrx_word' id='word_1_218' title='bbox 758 2947 857 3023; x_wconf 86' lang='lat' dir='ltr'>atque</span> <span class='ocrx_word' id='word_1_219' title='bbox 874 2949 999 3025; x_wconf 85' lang='lat' dir='ltr'>parato</span> <span class='ocrx_word' id='word_1_220' title='bbox 1023 2937 1135 3003; x_wconf 79' lang='lat' dir='ltr'>aalma</span> <span class='ocrx_word' id='word_1_221' title='bbox 1160 2940 1240 3014; x_wconf 78' lang='lat' dir='ltr'>sitis,</span> <span class='ocrx_word' id='word_1_222' title='bbox 1262 2951 1295 3003; x_wconf 91' lang='lat' dir='ltr'>et</span> <span class='ocrx_word' id='word_1_223' title='bbox 1312 2960 1388 3004; x_wconf 83' lang='lat' dir='ltr'>cum</span> <span class='ocrx_word' id='word_1_224' title='bbox 1408 2937 1567 3025; x_wconf 69' lang='lat' dir='ltr'>prelium</span> <span class='ocrx_word' id='word_1_225' title='bbox 1592 2937 1650 3001; x_wconf 87' lang='lat' dir='ltr'>ini·</span> <span class='ocrx_word' id='word_1_226' title='bbox 1750 3013 1751 3020; x_wconf 9' lang='lat' dir='ltr'>p</span> 
     </span>
    </p>
   </div>
   <div class='ocr_carea' id='block_1_8' title="bbox 380 3043 1649 3346">
    <p class='ocr_par' dir='ltr' id='par_1_10' title="bbox 380 3043 1649 3346">
     <span class='ocr_line' id='line_1_25' title="bbox 382 3043 1647 3130; baseline -0.004 -18"><span class='ocrx_word' id='word_1_227' title='bbox 382 3045 706 3124; x_wconf 65' lang='lat' dir='ltr'>bilis‚1nemineritis;</span> <span class='ocrx_word' id='word_1_228' title='bbox 728 3043 982 3130; x_wconf 82' lang='lat' dir='ltr'>etc.;sutarum</span> <span class='ocrx_word' id='word_1_229' title='bbox 1008 3045 1038 3108; x_wconf 89' lang='lat' dir='ltr'>in</span> <span class='ocrx_word' id='word_1_230' title='bbox 1064 3056 1196 3128; x_wconf 88' lang='lat' dir='ltr'>utroque</span> <span class='ocrx_word' id='word_1_231' title='bbox 1220 3046 1392 3110; x_wconf 89' lang='lat' dir='ltr'>enunciato</span> <span class='ocrx_word' id='word_1_232' title='bbox 1413 3047 1483 3129; x_wconf 84' lang='lat' dir='ltr'>Jng.</span> <span class='ocrx_word' id='word_1_233' title='bbox 1511 3045 1568 3124; x_wconf 89' lang='grc'>34,</span> <span class='ocrx_word' id='word_1_234' title='bbox 1594 3045 1647 3120; x_wconf 90' lang='grc'>44;</span> 
     </span>
     <span class='ocr_line' id='line_1_26' title="bbox 380 3151 644 3230; baseline -0.011 -13"><span class='ocrx_word' id='word_1_235' title='bbox 380 3153 461 3217; x_wconf 89' lang='grc' dir='ltr'>Ηί44.</span> <span class='ocrx_word' id='word_1_236' title='bbox 479 3174 502 3230; x_wconf 87' lang='grc'>4,</span> <span class='ocrx_word' id='word_1_237' title='bbox 521 3151 576 3228; x_wconf 91' lang='grc'>54,</span> <span class='ocrx_word' id='word_1_238' title='bbox 591 3151 644 3214; x_wconf 94' lang='grc'>47.</span> 
     </span>
     <span class='ocr_line' id='line_1_27' title="bbox 425 3255 1649 3346; baseline -0.004 -23"><span class='ocrx_word' id='word_1_239' title='bbox 425 3259 459 3323; x_wconf 79' lang='lat'>6⁰</span> <span class='ocrx_word' id='word_1_240' title='bbox 483 3259 631 3322; x_wconf 86' lang='lat' dir='ltr'>Furnnnn</span> <span class='ocrx_word' id='word_1_241' title='bbox 646 3277 784 3322; x_wconf 81' lang='grc'>4444444</span> <span class='ocrx_word' id='word_1_242' title='bbox 806 3256 837 3320; x_wconf 90' lang='lat' dir='ltr'>in</span> <span class='ocrx_word' id='word_1_243' title='bbox 859 3256 1106 3328; x_wconf 77' lang='lat' dir='ltr'>1·elativo.idem</span> <span class='ocrx_word' id='word_1_244' title='bbox 1130 3261 1176 3322; x_wconf 89' lang='lat' dir='ltr'>vel</span> <span class='ocrx_word' id='word_1_245' title='bbox 1197 3258 1354 3345; x_wconf 77' lang='lat' dir='ltr'>faturum</span> <span class='ocrx_word' id='word_1_246' title='bbox 1365 3256 1516 3346; x_wconf 81' lang='lat' dir='ltr'>primum</span> <span class='ocrx_word' id='word_1_247' title='bbox 1539 3258 1570 3324; x_wconf 93' lang='lat' dir='ltr'>in</span> <span class='ocrx_word' id='word_1_248' title='bbox 1588 3255 1649 3340; x_wconf 89' lang='lat' dir='ltr'>pri-</span> 
     </span>
    </p>
   </div>
   <div class='ocr_carea' id='block_1_9' title="bbox 380 3363 1750 3449">
    <p class='ocr_par' dir='ltr' id='par_1_11' title="bbox 380 3363 1750 3449">
     <span class='ocr_line' id='line_1_28' title="bbox 380 3363 1750 3449; baseline -0.004 -19"><span class='ocrx_word' id='word_1_249' title='bbox 380 3365 482 3430; x_wconf 86' lang='lat' dir='ltr'>mario</span> <span class='ocrx_word' id='word_1_250' title='bbox 497 3364 678 3437; x_wconf 68' lang='lat' dir='ltr'>enunciata</span> <span class='ocrx_word' id='word_1_251' title='bbox 690 3373 725 3428; x_wconf 92' lang='grc'>44</span> <span class='ocrx_word' id='word_1_252' title='bbox 740 3364 821 3426; x_wconf 87' lang='grc'>44444</span> <span class='ocrx_word' id='word_1_253' title='bbox 833 3384 840 3426; x_wconf 89' lang='lat'>:</span> <span class='ocrx_word' id='word_1_254' title='bbox 852 3363 924 3445; x_wconf 65' lang='grc'>444.</span> <span class='ocrx_word' id='word_1_255' title='bbox 944 3363 1019 3439; x_wconf 89' lang='grc'>404,</span> <span class='ocrx_word' id='word_1_256' title='bbox 1033 3364 1069 3442; x_wconf 72' lang='grc'>5,</span> <span class='ocrx_word' id='word_1_257' title='bbox 1084 3364 1163 3428; x_wconf 83' lang='lat' dir='ltr'>ilict.</span> <span class='ocrx_word' id='word_1_258' title='bbox 1179 3386 1213 3443; x_wconf 86' lang='lat' dir='ltr'>n,</span> <span class='ocrx_word' id='word_1_259' title='bbox 1228 3366 1259 3439; x_wconf 89' lang='grc'>4,</span> <span class='ocrx_word' id='word_1_260' title='bbox 1276 3364 1327 3430; x_wconf 89' lang='lat' dir='ltr'>nbi</span> <span class='ocrx_word' id='word_1_261' title='bbox 1343 3377 1446 3430; x_wconf 89' lang='lat' dir='ltr'>tamen</span> <span class='ocrx_word' id='word_1_262' title='bbox 1464 3363 1648 3449; x_wconf 89' lang='lat' dir='ltr'>primarium</span> <span class='ocrx_word' id='word_1_263' title='bbox 1749 3441 1750 3448; x_wconf 6' lang='grc' dir='ltr'>ἵ</span> 
     </span>
    </p>
   </div>
   <div class='ocr_carea' id='block_1_10' title="bbox 381 3449 1750 4308">
    <p class='ocr_par' dir='ltr' id='par_1_12' title="bbox 381 3449 1750 3872">
     <span class='ocr_line' id='line_1_29' title="bbox 381 3449 1750 3560; baseline -0.004 -24"><span class='ocrx_word' id='word_1_264' title='bbox 381 3471 498 3547; x_wconf 88' lang='lat' dir='ltr'>delicit,</span> <span class='ocrx_word' id='word_1_265' title='bbox 512 3471 564 3536; x_wconf 88' lang='lat' dir='ltr'>sed</span> <span class='ocrx_word' id='word_1_266' title='bbox 583 3470 827 3553; x_wconf 86' lang='lat' dir='ltr'>laoilesuppleri</span> <span class='ocrx_word' id='word_1_267' title='bbox 841 3480 964 3554; x_wconf 82' lang='lat' dir='ltr'>potest3</span> <span class='ocrx_word' id='word_1_268' title='bbox 984 3469 1023 3534; x_wconf 85' lang='lat' dir='ltr'>ab</span> <span class='ocrx_word' id='word_1_269' title='bbox 1040 3469 1198 3534; x_wconf 84' lang='lat' dir='ltr'>infinitivo</span> <span class='ocrx_word' id='word_1_270' title='bbox 1213 3473 1339 3560; x_wconf 78' lang='lat' dir='ltr'>pendet,</span> <span class='ocrx_word' id='word_1_271' title='bbox 1354 3471 1439 3555; x_wconf 89' lang='lat' dir='ltr'>quod</span> <span class='ocrx_word' id='word_1_272' title='bbox 1454 3471 1647 3536; x_wconf 88' lang='lat' dir='ltr'>rarissimum</span> <span class='ocrx_word' id='word_1_273' title='bbox 1749 3449 1750 3490; x_wconf 68' lang='lat'><em>³</em></span> 
     </span>
     <span class='ocr_line' id='line_1_30' title="bbox 381 3572 1646 3664; baseline -0.006 -21"><span class='ocrx_word' id='word_1_274' title='bbox 381 3590 438 3654; x_wconf 92' lang='grc'>444,</span> <span class='ocrx_word' id='word_1_275' title='bbox 460 3578 528 3643; x_wconf 84' lang='lat' dir='ltr'>Cat.</span> <span class='ocrx_word' id='word_1_276' title='bbox 552 3578 604 3652; x_wconf 87' lang='grc'>44,</span> <span class='ocrx_word' id='word_1_277' title='bbox 621 3577 653 3654; x_wconf 85' lang='grc'>3,</span> <span class='ocrx_word' id='word_1_278' title='bbox 671 3575 933 3662; x_wconf 77' lang='lat' dir='ltr'>operaepretium</span> <span class='ocrx_word' id='word_1_279' title='bbox 949 3588 1006 3655; x_wconf 87' lang='grc'>444,</span> <span class='ocrx_word' id='word_1_280' title='bbox 1025 3597 1100 3641; x_wconf 86' lang='lat' dir='ltr'>eam</span> <span class='ocrx_word' id='word_1_281' title='bbox 1113 3573 1227 3642; x_wconf 78' lang='lat' dir='ltr'>idomas</span> <span class='ocrx_word' id='word_1_282' title='bbox 1241 3587 1340 3663; x_wconf 86' lang='lat' dir='ltr'>atque</span> <span class='ocrx_word' id='word_1_283' title='bbox 1354 3576 1451 3642; x_wconf 77' lang='lat' dir='ltr'>villas</span> <span class='ocrx_word' id='word_1_284' title='bbox 1464 3572 1646 3664; x_wconf 76' lang='lat' dir='ltr'>aequaveris</span> 
     </span>
     <span class='ocr_line' id='line_1_31' title="bbox 381 3680 1644 3770; baseline -0.004 -22"><span class='ocrx_word' id='word_1_285' title='bbox 381 3683 416 3749; x_wconf 76' lang='grc'>444</span> <span class='ocrx_word' id='word_1_286' title='bbox 433 3681 566 3748; x_wconf 81' lang='lat' dir='ltr'>urbium</span> <span class='ocrx_word' id='word_1_287' title='bbox 582 3680 718 3748; x_wconf 83' lang='lat' dir='ltr'>modum</span> <span class='ocrx_word' id='word_1_288' title='bbox 738 3680 972 3770; x_wconf 74' lang='lat' dir='ltr'>exaedificatas,</span> <span class='ocrx_word' id='word_1_289' title='bbox 986 3682 1088 3748; x_wconf 82' lang='lat' dir='ltr'>visere</span> <span class='ocrx_word' id='word_1_290' title='bbox 1102 3682 1225 3770; x_wconf 86' lang='lat' dir='ltr'>templa</span> <span class='ocrx_word' id='word_1_291' title='bbox 1245 3682 1399 3762; x_wconf 84' lang='lat' dir='ltr'>deoram;</span> <span class='ocrx_word' id='word_1_292' title='bbox 1420 3686 1494 3750; x_wconf 90' lang='lat' dir='ltr'>item</span> <span class='ocrx_word' id='word_1_293' title='bbox 1509 3686 1577 3749; x_wconf 84' lang='lat' dir='ltr'>Cat.</span> <span class='ocrx_word' id='word_1_294' title='bbox 1595 3681 1644 3752; x_wconf 87' lang='grc'>54,</span> 
     </span>
     <span class='ocr_line' id='line_1_32' title="bbox 381 3790 988 3872; baseline -0.007 -16"><span class='ocrx_word' id='word_1_295' title='bbox 381 3792 441 3870; x_wconf 89' lang='grc'>44;</span> <span class='ocrx_word' id='word_1_296' title='bbox 463 3790 517 3868; x_wconf 91' lang='grc'>58,</span> <span class='ocrx_word' id='word_1_297' title='bbox 538 3791 593 3866; x_wconf 87' lang='grc'>46;</span> <span class='ocrx_word' id='word_1_298' title='bbox 610 3790 651 3854; x_wconf 86' lang='grc'>44.</span> <span class='ocrx_word' id='word_1_299' title='bbox 670 3791 704 3856; x_wconf 87' lang='lat' dir='ltr'>C.</span> <span class='ocrx_word' id='word_1_300' title='bbox 727 3791 782 3865; x_wconf 84' lang='grc'>54,</span> <span class='ocrx_word' id='word_1_301' title='bbox 804 3791 856 3867; x_wconf 92' lang='grc'>47,</span> <span class='ocrx_word' id='word_1_302' title='bbox 879 3809 988 3872; x_wconf 88' lang='lat' dir='ltr'>snpra.</span> 
     </span>
    </p>

    <p class='ocr_par' dir='ltr' id='par_1_13' title="bbox 381 3902 1646 4308">
     <span class='ocr_line' id='line_1_33' title="bbox 427 3902 1646 3990; baseline -0.006 -21"><span class='ocrx_word' id='word_1_303' title='bbox 427 3904 456 3969; x_wconf 87' lang='grc'>4.</span> <span class='ocrx_word' id='word_1_304' title='bbox 474 3941 518 3953; x_wconf 98' lang='grc'>-</span> <span class='ocrx_word' id='word_1_305' title='bbox 537 3905 809 3969; x_wconf 82' lang='lat' dir='ltr'>Contnncrrvonun</span> <span class='ocrx_word' id='word_1_306' title='bbox 826 3903 964 3968; x_wconf 86' lang='lat' dir='ltr'>diximus</span> <span class='ocrx_word' id='word_1_307' title='bbox 984 3902 1083 3988; x_wconf 89' lang='lat' dir='ltr'>duplo</span> <span class='ocrx_word' id='word_1_308' title='bbox 1107 3904 1261 3990; x_wconf 82' lang='lat' dir='ltr'>majorem</span> <span class='ocrx_word' id='word_1_309' title='bbox 1285 3923 1454 3970; x_wconf 89' lang='lat' dir='ltr'>nnmerum</span> <span class='ocrx_word' id='word_1_310' title='bbox 1470 3923 1537 3970; x_wconf 90' lang='lat' dir='ltr'>esse</span> <span class='ocrx_word' id='word_1_311' title='bbox 1557 3917 1646 3988; x_wconf 87' lang='lat' dir='ltr'>quam</span> 
     </span>
     <span class='ocr_line' id='line_1_34' title="bbox 383 4009 1645 4096; baseline -0.008 -19"><span class='ocrx_word' id='word_1_312' title='bbox 383 4010 639 4088; x_wconf 85' lang='lat' dir='ltr'>indicativornm,</span> <span class='ocrx_word' id='word_1_313' title='bbox 650 4010 864 4074; x_wconf 88' lang='lat' dir='ltr'>multominus</span> <span class='ocrx_word' id='word_1_314' title='bbox 875 4020 978 4074; x_wconf 89' lang='lat' dir='ltr'>tamen</span> <span class='ocrx_word' id='word_1_315' title='bbox 990 4010 1022 4074; x_wconf 94' lang='lat' dir='ltr'>id</span> <span class='ocrx_word' id='word_1_316' title='bbox 1034 4009 1118 4094; x_wconf 86' lang='lat' dir='ltr'>apud</span> <span class='ocrx_word' id='word_1_317' title='bbox 1131 4012 1321 4076; x_wconf 85' lang='lat' dir='ltr'>Sallustium</span> <span class='ocrx_word' id='word_1_318' title='bbox 1332 4029 1429 4096; x_wconf 85' lang='lat' dir='ltr'>quam</span> <span class='ocrx_word' id='word_1_319' title='bbox 1441 4011 1645 4095; x_wconf 88' lang='lat' dir='ltr'>apudceteros</span> 
     </span>
     <span class='ocr_line' id='line_1_35' title="bbox 381 4117 1646 4203; baseline -0.006 -19"><span class='ocrx_word' id='word_1_320' title='bbox 381 4119 550 4203; x_wconf 80' lang='lat' dir='ltr'>scriptores</span> <span class='ocrx_word' id='word_1_321' title='bbox 561 4118 711 4181; x_wconf 88' lang='lat' dir='ltr'>usitatum</span> <span class='ocrx_word' id='word_1_322' title='bbox 722 4135 800 4181; x_wconf 90' lang='lat' dir='ltr'>esse.</span> <span class='ocrx_word' id='word_1_323' title='bbox 815 4118 920 4195; x_wconf 85' lang='lat' dir='ltr'>Quum</span> <span class='ocrx_word' id='word_1_324' title='bbox 931 4128 1036 4181; x_wconf 87' lang='lat' dir='ltr'>autem</span> <span class='ocrx_word' id='word_1_325' title='bbox 1051 4118 1139 4181; x_wconf 85' lang='lat' dir='ltr'>varia</span> <span class='ocrx_word' id='word_1_326' title='bbox 1151 4117 1317 4201; x_wconf 89' lang='lat' dir='ltr'>utriusque</span> <span class='ocrx_word' id='word_1_327' title='bbox 1331 4117 1493 4182; x_wconf 89' lang='lat' dir='ltr'>enunciati</span> <span class='ocrx_word' id='word_1_328' title='bbox 1512 4129 1646 4200; x_wconf 85' lang='lat' dir='ltr'>tempora</span> 
     </span>
     <span class='ocr_line' id='line_1_36' title="bbox 381 4207 1645 4308; baseline -0.008 -18"><span class='ocrx_word' id='word_1_329' title='bbox 381 4243 568 4290; x_wconf 86' lang='lat' dir='ltr'>enumerare</span> <span class='ocrx_word' id='word_1_330' title='bbox 587 4224 709 4307; x_wconf 79' lang='lat' dir='ltr'>longius</span> <span class='ocrx_word' id='word_1_331' title='bbox 722 4233 815 4302; x_wconf 84' lang='lat' dir='ltr'>esset,</span> <span class='ocrx_word' id='word_1_332' title='bbox 833 4243 934 4308; x_wconf 85' lang='lat' dir='ltr'>panca</span> <span class='ocrx_word' id='word_1_333' title='bbox 948 4233 1069 4287; x_wconf 91' lang='lat' dir='ltr'>tantum</span> <span class='ocrx_word' id='word_1_334' title='bbox 1082 4223 1119 4288; x_wconf 93' lang='lat' dir='ltr'>de</span> <span class='ocrx_word' id='word_1_335' title='bbox 1140 4207 1197 4288; x_wconf 76' lang='lat' dir='ltr'>uin</span> <span class='ocrx_word' id='word_1_336' title='bbox 1211 4236 1388 4308; x_wconf 88' lang='lat' dir='ltr'>temporum</span> <span class='ocrx_word' id='word_1_337' title='bbox 1406 4223 1437 4288; x_wconf 93' lang='lat' dir='ltr'>in</span> <span class='ocrx_word' id='word_1_338' title='bbox 1450 4219 1645 4308; x_wconf 81' lang='lat' dir='ltr'>conjunctivo</span> 
     </span>
    </p>
   </div>
   <div class='ocr_carea' id='block_1_11' title="bbox 382 4328 1748 4417">
    <p class='ocr_par' dir='ltr' id='par_1_14' title="bbox 382 4328 1748 4417">
     <span class='ocr_line' id='line_1_37' title="bbox 382 4328 1748 4417; baseline -0.005 -20"><span class='ocrx_word' id='word_1_339' title='bbox 382 4351 456 4397; x_wconf 86' lang='lat' dir='ltr'>eum</span> <span class='ocrx_word' id='word_1_340' title='bbox 471 4330 637 4416; x_wconf 85' lang='lat' dir='ltr'>particulae</span> <span class='ocrx_word' id='word_1_341' title='bbox 652 4330 800 4415; x_wconf 84' lang='lat' dir='ltr'>adjuncto</span> <span class='ocrx_word' id='word_1_342' title='bbox 817 4328 1018 4406; x_wconf 64' lang='lat' dir='ltr'>disseremus</span> <span class='ocrx_word' id='word_1_343' title='bbox 1033 4339 1064 4392; x_wconf 91' lang='lat' dir='ltr'>et</span> <span class='ocrx_word' id='word_1_344' title='bbox 1076 4329 1152 4414; x_wconf 90' lang='lat' dir='ltr'>quia</span> <span class='ocrx_word' id='word_1_345' title='bbox 1167 4331 1355 4417; x_wconf 89' lang='lat' dir='ltr'>plerumque</span> <span class='ocrx_word' id='word_1_346' title='bbox 1370 4352 1444 4396; x_wconf 88' lang='lat' dir='ltr'>eum</span> <span class='ocrx_word' id='word_1_347' title='bbox 1459 4329 1615 4395; x_wconf 86' lang='lat' dir='ltr'>censalem</span> <span class='ocrx_word' id='word_1_348' title='bbox 1631 4343 1645 4384; x_wconf 80' lang='lat' dir='ltr'>c</span> <span class='ocrx_word' id='word_1_349' title='bbox 1747 4397 1748 4404; x_wconf 16' lang='lat'>¹</span> 
     </span>
    </p>
   </div>
   <div class='ocr_carea' id='block_1_12' title="bbox 382 4436 1647 4841">
    <p class='ocr_par' dir='ltr' id='par_1_15' title="bbox 382 4436 1647 4630">
     <span class='ocr_line' id='line_1_38' title="bbox 382 4436 1647 4521; baseline -0.009 -18"><span class='ocrx_word' id='word_1_350' title='bbox 382 4459 456 4503; x_wconf 85' lang='lat' dir='ltr'>cam</span> <span class='ocrx_word' id='word_1_351' title='bbox 478 4437 644 4521; x_wconf 89' lang='lat' dir='ltr'>temporali</span> <span class='ocrx_word' id='word_1_352' title='bbox 662 4436 820 4520; x_wconf 89' lang='lat' dir='ltr'>particula</span> <span class='ocrx_word' id='word_1_353' title='bbox 838 4436 1015 4501; x_wconf 90' lang='lat' dir='ltr'>discernere</span> <span class='ocrx_word' id='word_1_354' title='bbox 1029 4436 1159 4502; x_wconf 88' lang='lat' dir='ltr'>dillieile</span> <span class='ocrx_word' id='word_1_355' title='bbox 1181 4438 1233 4515; x_wconf 87' lang='lat' dir='ltr'>sit,</span> <span class='ocrx_word' id='word_1_356' title='bbox 1257 4457 1322 4502; x_wconf 89' lang='lat' dir='ltr'>rem</span> <span class='ocrx_word' id='word_1_357' title='bbox 1344 4449 1512 4521; x_wconf 88' lang='lat' dir='ltr'>utramque</span> <span class='ocrx_word' id='word_1_358' title='bbox 1529 4455 1590 4500; x_wconf 89' lang='lat' dir='ltr'>nna</span> <span class='ocrx_word' id='word_1_359' title='bbox 1604 4450 1647 4494; x_wconf 83' lang='lat' dir='ltr'>ex·</span> 
     </span>
     <span class='ocr_line' id='line_1_39' title="bbox 382 4543 586 4630; baseline -0.005 -21"><span class='ocrx_word' id='word_1_360' title='bbox 382 4543 586 4630; x_wconf 87' lang='lat' dir='ltr'>plicabimor.</span> 
     </span>
    </p>

    <p class='ocr_par' dir='ltr' id='par_1_16' title="bbox 383 4649 1646 4841">
     <span class='ocr_line' id='line_1_40' title="bbox 428 4649 1646 4734; baseline -0.007 -20"><span class='ocrx_word' id='word_1_361' title='bbox 428 4651 461 4714; x_wconf 86' lang='lat' dir='ltr'>l⁰</span> <span class='ocrx_word' id='word_1_362' title='bbox 475 4651 632 4716; x_wconf 75' lang='grc'>44444444.</span> <span class='ocrx_word' id='word_1_363' title='bbox 646 4649 873 4734; x_wconf 85' lang='lat' dir='ltr'>Conjunctivus</span> <span class='ocrx_word' id='word_1_364' title='bbox 886 4650 1050 4733; x_wconf 68' lang='lat' dir='ltr'>praesentis</span> <span class='ocrx_word' id='word_1_365' title='bbox 1063 4652 1219 4715; x_wconf 88' lang='lat' dir='ltr'>actionem</span> <span class='ocrx_word' id='word_1_366' title='bbox 1235 4649 1402 4734; x_wconf 87' lang='lat' dir='ltr'>repetitam</span> <span class='ocrx_word' id='word_1_367' title='bbox 1417 4651 1585 4734; x_wconf 81' lang='lat' dir='ltr'>designans</span> <span class='ocrx_word' id='word_1_368' title='bbox 1600 4662 1646 4706; x_wconf 87' lang='grc'>44·</span> 
     </span>
     <span class='ocr_line' id='line_1_41' title="bbox 383 4748 1644 4841; baseline -0.008 -19"><span class='ocrx_word' id='word_1_369' title='bbox 383 4759 449 4823; x_wconf 90' lang='lat' dir='ltr'>rior</span> <span class='ocrx_word' id='word_1_370' title='bbox 463 4767 510 4822; x_wconf 90' lang='lat' dir='ltr'>est</span> <span class='ocrx_word' id='word_1_371' title='bbox 523 4777 618 4841; x_wconf 89' lang='lat' dir='ltr'>qnam</span> <span class='ocrx_word' id='word_1_372' title='bbox 635 4758 844 4834; x_wconf 88' lang='lat' dir='ltr'>indicativns;</span> <span class='ocrx_word' id='word_1_373' title='bbox 863 4766 1038 4841; x_wconf 88' lang='lat' dir='ltr'>usurpatur</span> <span class='ocrx_word' id='word_1_374' title='bbox 1054 4757 1243 4841; x_wconf 68' lang='lat' dir='ltr'>praesertim,</span> <span class='ocrx_word' id='word_1_375' title='bbox 1260 4757 1313 4822; x_wconf 79' lang='lat' dir='ltr'>ulti</span> <span class='ocrx_word' id='word_1_376' title='bbox 1331 4777 1407 4820; x_wconf 87' lang='lat' dir='ltr'>eam</span> <span class='ocrx_word' id='word_1_377' title='bbox 1424 4755 1584 4841; x_wconf 71' lang='lat' dir='ltr'>particulae</span> <span class='ocrx_word' id='word_1_378' title='bbox 1600 4748 1644 4814; x_wconf 88' lang='lat' dir='ltr'>ad·</span> 
     </span>
    </p>
   </div>
   <div class='ocr_carea' id='block_1_13' title="bbox 0 0 1774 5720">
    <p class='ocr_par' dir='ltr' id='par_1_17' title="bbox 0 0 1774 5720">
     <span class='ocr_line' id='line_1_42' title="bbox 0 0 1774 5720; baseline 0 0"><span class='ocrx_word' id='word_1_379' title='bbox 0 0 1774 5720; x_wconf 95' lang='lat' dir='ltr'> </span> 
     </span>
    </p>
   </div>
  </div>
 </body>
</html>
