3666 5724
614 451 616 454 ·
718 429 898 494 -cs-

213 571 270 638 Sin
290 583 396 638 autem
419 573 617 638 substantiva
631 573 809 660 singularia
840 576 1005 662 particulis
1024 575 1223 660 disjunctivis
1260 586 1316 640 aut
1345 594 1440 662 nega-

171 679 256 759 tivis,
289 690 389 744 uret...
417 691 488 760 ortt,
517 701 576 746 uec
609 681 782 768 meque)...
813 702 882 762 nee,
912 669 1082 770 conjuncta
1108 693 1194 762 sunt,
1221 679 1330 746 varius
1357 681 1442 767 apud

168 787 353 852 Ciceronem
379 787 523 872 aliosque
543 808 619 853 usus
635 797 779 873 apparet,
801 787 852 854 sed
877 789 1013 854 maxime
1033 800 1138 854 tamen
1169 787 1372 874 praedicatum
1402 787 1442 853 ad

167 891 377 958 novissimum
401 913 515 959 nomen
532 894 802 960 accommodatum
818 895 973 980 singulari
994 906 1169 982 usurpatur
1193 915 1325 960 numeru
1347 895 1443 980 (Ans-

167 998 287 1082 chiitz).
306 999 397 1083 Apud
414 1001 602 1066 Sallustium
619 1020 691 1067 vero
707 1021 832 1085 semper
844 1002 1017 1086 singularis
1034 1001 1189 1068 occurrit:
1207 1003 1278 1088 lug.
1307 1001 1361 1079 31,
1384 1001 1440 1077 21,

165 1106 274 1170 Potest
294 1126 335 1170 ne
349 1104 384 1171 in
402 1118 471 1172 tam
494 1105 631 1172 divorsis
656 1105 820 1172 noctitibus
833 1129 909 1197 pon
937 1118 998 1172 aut
1015 1107 1165 1174 amicitia
1182 1089 1270 1174 esse?
1295 1109 1375 1173 Hist.
1397 1127 1440 1186 ιι,

168 1212 225 1288 19,
251 1213 305 1292 te,
329 1209 459 1299 illique,
480 1235 561 1301 quos
592 1211 727 1301 ipneuiu
750 1224 811 1278 utet
833 1236 944 1303 prove
962 1213 1182 1280 calliditas...
1216 1213 1319 1279 armis
1344 1212 1442 1279 absti-

169 1320 257 1397 nuit,
273 1316 501 1385 acerbissimus
516 1341 640 1410 poenus
660 1318 808 1400 solonem
840 1322 858 1386 J
863 1342 913 1408 ug.
936 1322 990 1401 79,
1009 1322 1041 1400 3,
1058 1341 1163 1407 neque
1177 1320 1317 1409 flumen,
1335 1339 1441 1407 neque

166 1436 357 1502 manserat,
376 1424 434 1514 qui
445 1425 523 1513 finis
542 1448 656 1492 eorum
671 1425 875 1492 discerneret.
894 1427 942 1494 Cl.
963 1427 1101 1508 (11151,
1126 1428 1182 1507 18;
1209 1429 1263 1506 51,
1288 1437 1319 1506 1,
1335 1435 1394 1493 cet.

789 1667 827 1730 ll.

487 1840 547 1894 Duo
563 1838 689 1910 subjecta
703 1855 755 1910 per
768 1854 826 1894 cum
841 1834 1013 1911 particulam
1022 1841 1132 1910 juncta.

214 1999 321 2078 Quum
340 1998 404 2064 duo
424 1997 634 2077 substantiva,
659 1998 776 2082 quibus
804 1998 982 2083 subiectum
1001 1997 1193 2077 continetur,
1221 1998 1445 2082 praeposit-ione

166 2126 246 2170 curn
259 2107 468 2190 copulantur,
492 2106 554 2169 lere
574 2124 698 2190 semper
713 2105 842 2172 verbum
859 2105 977 2192 plurali
996 2125 1128 2171 numeru
1144 2105 1234 2190 ponit
1249 2105 1441 2170 Sallustius:

166 2213 240 2298 Jug.
264 2212 320 2283 38.
346 2212 380 2291 6,
401 2209 517 2276 cohors
540 2232 609 2276 unu
628 2209 790 2298 Lipurune
817 2233 893 2277 cum
921 2209 1051 2276 derebus
1079 2209 1196 2276 terrenis
1223 2208 1388 2276 Tlrrueum
1415 2220 1447 2277 et

162 2317 289 2407 paucis
303 2315 466 2404 prepuriis
490 2314 649 2382 militibus
669 2317 823 2388 transiere
844 2315 891 2382 ud
911 2339 1038 2404 reprom
1061 2319 1128 2384 (lat.
1151 2318 1206 2397 13,
1227 2319 1259 2397 1,
1275 2328 1312 2382 et
1333 2319 1445 2396 Romae

169 2422 332 2490 Lentulus
346 2445 422 2490 eum
437 2421 563 2503 ceteris,
584 2423 644 2510 qui
652 2423 824 2512 principes
843 2423 1083 2511 conjurationis
1104 2435 1253 2501 erant...
1271 2424 1444 2490 constitue-

168 2541 244 2596 rant
256 2530 369 2608 uti...;
387 2531 467 2595 Hist.
480 2551 528 2610 ιιι,
547 2532 578 2610 1,
592 2531 626 2604 6,
642 2528 712 2596 drea
723 2528 866 2596 hostium
881 2532 921 2597 G.
938 2529 1123 2596 Herennius
1136 2551 1210 2596 curn
1227 2528 1307 2596 urbe
1328 2528 1391 2596 Vul
1429 2565 1446 2578 -

167 2637 218 2703 tiu
233 2649 263 2704 et
278 2635 423 2702 exercitu
435 2635 544 2702 deleti.
564 2639 604 2702 At
623 2637 660 2702 H.
679 2658 702 2716 1,
718 2638 773 2716 18,
795 2636 935 2702 Etruria
952 2635 1057 2702 omnis
1072 2658 1146 2702 curn
1163 2634 1285 2726 Lepido
1300 2649 1445 2722 suspecta

168 2744 206 2812 in
229 2742 411 2808 tumrrlturn
434 2755 514 2808 erat.
532 2745 645 2809 Cetera
667 2746 815 2827 exemplu
838 2744 1010 2829 singuloris
1032 2744 1152 2809 numeri
1180 2744 1245 2808 lraec
1264 2744 1329 2808 lere
1344 2754 1441 2809 sunt:

166 2853 240 2936 lug.
266 2852 322 2930 11,
343 2851 376 2926 9,
398 2847 445 2914 itu
466 2870 541 2914 cunr
558 2849 713 2938 potentia
736 2849 882 2915 avaritia
900 2849 969 2916 sine
988 2847 1086 2914 modo
1105 2847 1264 2914 modestia
1277 2870 1341 2937 que
1354 2848 1444 2916 iuva·

167 2955 304 3036 dere...,
322 2954 437 3044 quoad
451 2966 552 3022 semet
570 2955 643 3044 ipsu
658 2957 888 3041 praecipitarit3
905 2957 933 3022 J.
960 2957 1015 3035 35,
1041 2957 1074 3036 1,
1097 2955 1257 3043 quonium
1280 2977 1321 3020 en
1342 2955 1444 3044 stirpe

167 3062 368 3130 Meminisse
384 3062 437 3140 sit,
464 3061 732 3150 Jupurtlromque
755 3060 795 3128 od
814 3059 935 3128 scelera
957 3059 1083 3128 ireuidiu
1106 3083 1179 3126 erun
1205 3073 1294 3126 metu
1319 3072 1440 3147 urgeat.

167 3171 310 3238 Pluralis
326 3190 399 3236 vero
419 3171 565 3255 exempla
581 3171 682 3235 multo
702 3169 922 3235 numerosiora
944 3178 1126 3248 occurrunt,
1145 3169 1291 3254 idemque
1306 3169 1342 3234 lit
1357 3169 1444 3254 apud

166 3279 287 3344 multos
301 3277 381 3342 alios
397 3277 577 3361 scriptores,
595 3296 630 3343 ae
650 3276 809 3362 praeeipue
824 3277 909 3362 apud
925 3278 1050 3343 Livium
1070 3277 1098 3356 ¹;
1116 3276 1202 3360 apud
1218 3277 1375 3342 Caesarem
1390 3297 1442 3344 eu·
1500 3263 1502 3267 ¹

168 3397 231 3450 tem
271 3385 411 3460 nullum,
446 3383 530 3467 apud
567 3385 749 3450 Ciceronem
787 3403 947 3468 perpauca
982 3383 1134 3469 ejusmodi
1169 3385 1317 3467 exempla
1353 3392 1440 3462 sunt,

167 3491 265 3573 (Phil.
281 3493 333 3570 12,
349 3492 404 3565 ll,
419 3492 460 3557 17
473 3515 483 3569 ;
495 3490 619 3556 adium.
636 3491 688 3566 11,
705 3490 856 3576 1111)),
872 3491 991 3577 quippe
1003 3491 1057 3576 qui
1077 3491 1106 3556 in
1119 3491 1178 3556 hac
1192 3489 1442 3562 verborumoon-

166 3598 341 3678 structione
357 3616 481 3682 semper
494 3597 559 3662 lere
573 3596 729 3680 singulari
745 3617 877 3664 numero
894 3606 1035 3663 utantur.
1054 3598 1101 3663 Gl.
1118 3597 1336 3664 Badstuebner
1364 3596 1438 3680 (loc.

166 3704 189 3768 l.
215 3725 246 3789 p.
267 3705 320 3778 10,
340 3714 371 3768 et
389 3704 425 3768 ll
443 3704 539 3789 not),
558 3714 589 3769 et
602 3704 804 3782 Grueterum,
823 3703 854 3784 in
874 3705 1036 3788 Program.
1058 3725 1066 3770 ε
1096 3702 1180 3770 Uber
1194 3701 1247 3770 die
1259 3701 1393 3792 Synesis
1407 3701 1441 3767 in

167 3808 226 3878 der
240 3809 353 3876 lurein.
372 3807 443 3874 und
457 3809 581 3898 prieelr.
602 3810 760 3899 Sprucde,
779 3812 930 3884 lliiuster,
948 3811 1044 3876 1855.

778 4021 829 4086 111.

576 4261 582 4278 .
675 4207 714 4259 De
727 4205 908 4278 appositione
923 4207 943 4261 ².

211 4377 291 4442 Cum
318 4378 454 4443 alterurn
478 4375 710 4441 substantivum
731 4376 872 4462 subjecto
891 4375 1037 4462 jungitur
1066 4376 1097 4440 in
1126 4374 1346 4465 appositione,
1378 4377 1439 4461 ple·

199 4539 221 4583 1.
238 4533 276 4582 cf.
290 4533 470 4597 Drakenborg,
486 4532 518 4581 ed
529 4532 584 4582 Lir.
600 4535 638 4592 et,
654 4535 694 4590 66,
709 4534 753 4598 qui
768 4534 875 4598 elegans
887 4549 944 4584 esse
955 4535 1005 4583 boc
1017 4549 1099 4598 genus
1110 4533 1232 4598 loquendi
1245 4517 1316 4582 dicit.
1400 4585 1410 4608 .

198 4617 223 4664 2.
239 4614 267 4662 lu
283 4614 446 4678 appositione
461 4613 597 4662 tractando
610 4613 773 4662 adhibuimus
788 4613 916 4678 imprimis
932 4613 1117 4664 Auschutzium
1132 4630 1190 4678 cap.
1206 4613 1244 4678 ιι),
1259 4623 1284 4662 et
1296 4611 1438 4661 Badstueb·

168 4707 269 4753 nerum,
285 4694 298 4757 5
314 4693 331 4752 l,
354 4709 429 4757 quem
444 4693 541 4756 saepius
565 4693 692 4758 expressit
705 4693 894 4755 Auschtttsius3
909 4701 935 4744 at
952 4710 1007 4743 rem
1019 4702 1100 4745 totam
1112 4693 1222 4744 arbitrio
1238 4699 1329 4743 nostro
1349 4692 1438 4755 dispo·

168 4775 268 4824 suimus
282 4781 309 4822 et
323 4775 347 4822 iu
362 4773 479 4838 pluribus
493 4774 611 4836 partibus
626 4773 736 4824 multum
749 4774 875 4826 auximus.
