3534 5720
745 457 945 515 -roa-
1041 532 1043 534 ¹

197 601 254 666 bis
277 599 459 688 compositis
478 599 585 666 dativo
620 602 771 686 praetulit.
795 603 866 668 llaec
890 613 993 667 temen
1021 603 1209 667 vertacum
1238 601 1343 666 dativo
1371 601 1482 688 juncta

198 708 413 774 annotatione
428 707 524 792 digna
541 707 609 772 viso
624 718 716 773 sunt:

252 816 402 882 4000000
416 835 487 879 corn
503 815 608 880 dativo
630 816 686 889 rei,
704 835 762 899 pro
771 813 931 904 probare,
955 816 1033 880 Hist.
1052 837 1074 894 r,
1094 816 1147 892 45,
1169 816 1224 893 ts,
1250 812 1386 880 adnuite
1406 811 1482 900 lepi-

198 919 267 1015 500
290 919 453 1009 inpositis3
477 921 529 1003 (cl.
552 921 639 1006 Virg.
658 923 771 1005 Georg.
790 943 813 997 1,
831 922 885 1001 tt,
902 919 1086 988 caldoribus
1101 942 1211 987 uunrre
1226 921 1352 1008 creptis,
1371 931 1401 986 et
1417 941 1485 1006 pas-

197 1029 293 1112 sim).
314 1065 356 1076 -
376 1029 516 1094 Caunum
532 1047 602 1092 cum
619 1028 725 1093 dativo
741 1027 863 1114 primus
878 1030 1051 1110 Sallustius
1064 1030 1173 1113 junxit
1186 1031 1222 1093 ll.
1242 1051 1263 1104 ι,
1281 1029 1335 1102 94,
1352 1026 1484 1093 obuiam

199 1135 256 1199 ire
271 1145 303 1199 et
327 1133 487 1199 commori
504 1133 667 1213 hostilium
684 1137 723 1200 cl.
744 1137 818 1202 Seu.
836 1129 897 1220 Ep.¹
913 1138 967 1212 77,
985 1135 1092 1201 malta
1108 1133 1216 1200 millia
1233 1133 1293 1199 tibi
1306 1154 1484 1198 catamare·

197 1253 331 1307 rentur.
358 1276 403 1290 -
430 1242 628 1307 Couruuseos
649 1263 775 1327 semper
799 1243 885 1329 apud
908 1243 1057 1308 Nostrum
1081 1259 1152 1308 cum
1175 1242 1294 1318 dativo,
1320 1259 1485 1325 nunquam

201 1369 295 1426 vero,
308 1358 342 1413 ut
366 1349 456 1426 solet,
471 1368 542 1413 com
559 1350 697 1414 ablativo
712 1359 743 1414 et
757 1369 832 1414 cum
851 1350 1093 1435 praepositione:
1112 1351 1181 1434 lug.
1196 1350 1228 1426 7,
1239 1335 1274 1423 ’7,
1292 1347 1366 1434 qais
1387 1345 1485 1413 rebus

198 1453 272 1522 siti
285 1453 458 1520 maltosea
471 1454 629 1522 Romanis
641 1454 809 1542 familiari
829 1457 979 1521 amicitia
999 1455 1235 1544 eoujrrueerat3
1257 1457 1272 1520 J
1278 1476 1327 1537 ug.
1348 1457 1400 1527 44,
1429 1457 1483 1530 44,

201 1560 343 1626 tertiana
366 1560 569 1648 treptrrtlram
596 1561 751 1649 beatificus
769 1563 837 1628 stris
856 1573 950 1627 ratus
969 1573 1018 1627 est
1045 1562 1258 1650 corprruetam
1279 1558 1371 1625 00444
1389 1560 1484 1646 sore;

202 1670 289 1734 Hisl.
310 1687 351 1744 0,
371 1669 427 1744 35,
445 1667 549 1733 Italiae
565 1667 716 1734 Siciliam
730 1655 943 1756 eorrjuuctam
956 1668 1061 1756 faisse
1081 1679 1219 1733 eurestut.
1234 1705 1275 1716 -
1289 1669 1408 1733 Contra
1419 1687 1488 1730 eou-

202 1795 326 1840 00000
340 1775 661 1859 epudSallustiumet
684 1776 871 1860 posteriores
883 1796 945 1840 nou
963 1795 1034 1841 000
1050 1776 1169 1853 dativo,
1186 1775 1239 1839 sod
1256 1795 1328 1856 cum
1346 1774 1486 1838 alilatiro

201 1892 239 1946 et
256 1883 417 1967 praeposit.
441 1901 516 1946 eam
532 1883 676 1968 ponitur:
692 1885 707 1948 J
713 1903 761 1966 ug.
779 1884 832 1958 48,
851 1885 881 1958 4,
900 1881 959 1948 ubi
972 1880 1095 1949 Metelli
1105 1880 1194 1946 dieto
1209 1903 1284 1946 cam
1297 1880 1398 1968 sactis
1413 1901 1486 1944 euu-

198 1987 329 2076 posut't.
351 2027 393 2036 -
420 1991 620 2054 Cousuursos
637 2009 691 2073 pro
713 1989 891 2065 corisulere,
910 1990 1100 2054 insolentius
1119 2007 1190 2054 cum
1214 1989 1320 2052 dativo
1338 1988 1486 2073 junctum

207 2097 281 2161 Gal.
309 2097 342 2174 6,
368 2099 402 2168 5,
424 2093 541 2160 delecti
562 2094 750 2182 reipublicae
769 2095 1020 2177 consultabant;
1044 2116 1108 2180 qna
1136 2096 1371 2160 constructione
1402 2095 1488 2158 solus

205 2202 362 2269 Aurelius
375 2202 484 2268 Victor
499 2214 568 2286 post
584 2203 774 2268 Sallustium
791 2223 867 2268 usus
881 2212 938 2268 est.
956 2239 1001 2252 —
1015 2204 1116 2267 Decor
1136 2197 1216 2267 Hist.⁴
1235 2223 1258 2282 1,
1287 2202 1363 2280 tou,
1381 2199 1489 2265 luerem

206 2307 383 2375 editiorem
402 2329 505 2396 quam
520 2307 697 2374 victorious
720 2307 864 2389 decebat,
883 2319 917 2374 ut
937 2309 1022 2394 apud
1035 2311 1184 2374 Plautum
1209 2319 1240 2372 et
1254 2311 1400 2386 Terent.;
1424 2311 1490 2390 plu·

211 2417 272 2482 rali
298 2435 444 2491 numero,
476 2418 546 2498 lug.
574 2417 629 2490 49,
656 2418 688 2492 a,
706 2436 779 2502 qua
802 2415 843 2480 ab
869 2414 1068 2502 imperatore
1094 2413 1286 2503 (prouideri)
1310 2412 1488 2492 deusserint,

209 2522 418 2588 omreiasuis
431 2522 590 2610 prouiso3
619 2525 722 2589 rarior
753 2524 809 2588 illa
835 2523 963 2608 quidem
980 2534 1152 2599 structura,
1182 2523 1236 2587 sed
1263 2532 1364 2586 exstat
1387 2531 1489 2585 tomen

212 2629 299 2716 apud
329 2630 464 2708 Quintil,
495 2631 570 2694 lust.
596 2641 675 2694 orat.
696 2650 738 2708 0,
762 2633 792 2705 4,
828 2632 887 2708 45;
923 2651 988 2707 00,
1019 2631 1052 2709 6,
1076 2631 1134 2709 423
1159 2631 1252 2705 0,4,
1275 2631 1316 2694 ta
1332 2638 1362 2692 et
1378 2628 1493 2691 48.-

209 2740 365 2802 lnusoons
381 2738 462 2818 (Cot.
485 2737 540 2814 31,
557 2737 594 2815 4;
616 2738 652 2800 Η.
672 2738 791 2821 059).
819 2737 868 2818 (t.
884 2736 923 2801 ad
940 2756 1041 2801 accus.
1070 2756 1180 2821 supro,
1203 2757 1232 2821 p.
1251 2738 1318 2818 94).
1332 2769 1377 2784 -·
1391 2735 1493 2798 lucon-

211 2865 291 2909 oens
310 2844 337 2908 J.
365 2843 439 2920 401,
461 2844 494 2908 8.
514 2843 564 2928 (t.
586 2843 636 2906 ad.
656 2862 758 2919 accus
776 2864 884 2928 supra,
901 2864 930 2927 p.
945 2843 1012 2926 96).
1029 2879 1074 2892 -
1088 2845 1195 2908 Inesse
1212 2845 1280 2908 Cat.
1303 2842 1357 2920 t7‚
1374 2842 1406 2920 ⁶2,
1423 2840 1492 2927 qui·

213 2951 274 3016 bus
286 2971 449 3014 muraena
459 2947 659 3014 necessitudo
671 2961 702 3013 et
711 2947 1075 3036 ρ4040οι4000040440,ρ
1090 2949 1213 3027 400000
1231 2949 1270 3014 cf.
1285 2949 1339 3023 20,
1360 2951 1396 3012 ll
1414 2948 1491 3026 3⁹23,

212 3061 251 3134 ἒς
266 3059 320 3132 40,
334 3058 371 3136 o;
390 3057 443 3134 58,
460 3059 497 3135 4;
512 3057 583 3140 Jog.
604 3058 659 3134 64,
680 3057 693 3120 l
707 3081 714 3135 3
734 3057 812 3120 llist.
832 3079 866 3134 0,
882 3057 936 3135 50,
955 3059 986 3133 4,
999 3054 1106 3122 miella
1117 3077 1198 3121 cetra
1212 3077 1342 3120 secuturo
1357 3052 1494 3142 imperio

213 3165 309 3229 z'uesl.
326 3164 435 3230 Cicero
451 3182 574 3247 seraper
589 3164 663 3228 huic
681 3165 776 3228 verbo
792 3163 826 3227 40
840 3184 972 3248 praepos.
987 3183 1057 3228 cum
1075 3165 1172 3228 ablat.
1190 3163 1348 3248 adjungit,
1366 3171 1494 3246 excepto

214 3269 489 3345 tornendeOli.1‚
513 3271 566 3347 lt,
584 3269 704 3356 quibus
719 3268 848 3336 artibus
866 3281 927 3334 aut
938 3269 1123 3358 prescientia
1143 3268 1255 3357 major
1266 3261 1349 3334 inest
1364 3279 1423 3332 aut
1435 3266 1495 3332 044-

213 3376 294 3442 litas
312 3375 484 3463 quaritur,
502 3376 556 3441 ubi
578 3376 703 3441 dativus
725 3387 853 3460 propter
871 3377 1117 3444 concinnitatem
1137 3377 1353 3442 memlrrorum
1371 3372 1496 3437 videtur

214 3504 283 3549 esse
302 3484 431 3569 positus.
454 3485 552 3548 Locus
566 3504 638 3548 vero
654 3485 721 3548 (lut.
738 3486 787 3559 45,
801 3485 835 3561 5,
852 3483 1050 3571 4940000400
1061 3485 1087 3547 oi
1100 3461 1288 3570 esculapius,
1298 3478 1385 3569 foedi
1395 3477 1493 3558 00044,

215 3589 301 3656 citus
314 3587 424 3668 modo,
442 3587 539 3655 modo
566 3587 681 3655 tardas
696 3589 847 3669 arcessas,
863 3611 999 3676 prorsus
1017 3590 1053 3656 40
1065 3590 1155 3678 facie
1172 3589 1327 3674 cultaque
1344 3584 1496 3653 uecordia

217 3697 338 3774 inerat,
352 3718 415 3762 asu
422 3698 602 3782 purioribus
612 3717 673 3762 uon
689 3698 795 3762 otton
810 3699 978 3782 exemplis3
997 3717 1069 3762 nam
1083 3717 1255 3782 pronomen
1270 3695 1302 3760 et'
1314 3715 1385 3760 cum
1402 3693 1497 3758 verbo

149 3833 152 3842 r
217 3803 543 3888 iuerotjungendum
568 3815 626 3883 est,
648 3806 810 3890 verboque
836 3805 870 3869 40
890 3804 981 3891 faeie
995 3803 1150 3890 00440000
1178 3804 1227 3869 hic
1249 3803 1409 3868 notionem
1434 3818 1498 3884 pos·
1595 3879 1596 3886 ἵ

218 3911 370 3976 sessionis
385 3930 447 3975 nou
465 3911 679 3996 habentque
694 3911 732 3976 ad
756 3931 926 3980 pronomen
946 3913 1038 3974 initio
1059 3911 1177 3994 periodi
1197 3913 1332 3996 positum
1349 3909 1494 3994 pertinet.

219 4018 373 4085 Absolute
390 4018 528 4103 positum
544 4021 669 4084 estem.
686 4020 740 4094 25,
758 4021 790 4084 5.
805 4055 850 4068 -·-
865 4022 1052 4084 insinuans:
1067 4021 1146 4082 llist.
1165 4039 1187 4094 ι,
1207 4020 1261 4095 tlt,
1278 4037 1382 4102 aeque
1400 4035 1433 4078 se
1451 4035 1497 4076 ‘re-

220 4125 329 4210 cipere
343 4136 404 4190 aut
421 4124 582 4190 aestruere
595 4125 713 4213 prelio
738 4125 886 4212 perdecem
905 4148 940 4203 0,
958 4127 1011 4204 33,
1030 4137 1210 4212 autequam
1225 4143 1370 4211 epressus
1395 4124 1498 4184 Serto·

220 4231 468 4297 rirrst'ustraere
495 4231 642 4320 1000040
672 4253 758 4297 suos.
787 4269 832 4282 —
851 4235 983 4312 Pirous,
1006 4253 1077 4318 qua
1112 4252 1169 4296 vox
1203 4231 1288 4316 apud
1316 4229 1499 4295 Ciceronem

221 4359 346 4423 semper
361 4340 505 4404 absolute
517 4341 660 4424 ponitur,
677 4359 749 4404 com
765 4339 1027 4426 dativojunctnm
1049 4340 1196 4417 occurrit,
1220 4350 1254 4403 ut
1274 4335 1500 4422 mindoniam

222 4458 254 4511 et
280 4449 442 4524 Senecam
463 4449 535 4531 lug.
561 4447 615 4520 9⁶2,
642 4449 674 4526 5,
700 4467 794 4511 mous
818 4445 976 4512 mediocri
1000 4445 1131 4511 castello
1156 4443 1236 4510 satis
1256 4454 1386 4532 pateus.

270 4555 442 4619 lu'rouosae
463 4557 648 4637 (iuremus).
675 4589 718 4604 -·-
739 4556 783 4619 De
808 4555 967 4640 participii
990 4581 1000 4612 ι
1025 4552 1167 4617 intentus
1186 4581 1196 4611 ι
1216 4561 1375 4617 structura
1399 4550 1500 4613 multa

226 4662 370 4727 Sallustii
397 4661 584 4746 interpretes
610 4662 762 4742 variaque
791 4661 1021 4728 disseruerunt.
1044 4660 1169 4747 Saepius
1199 4659 1329 4744 quidem
1358 4657 1500 4723 obsolute

259 4790 280 4834 t
299 4785 341 4834 Sic
354 4786 377 4834 in
394 4791 501 4849 utroque
518 4785 639 4834 Arusimri
656 4785 753 4834 codice.
