3576 5724
666 461 861 521 4249-

111 603 241 691 paucis
262 602 412 672 instituta
427 605 596 694 majorum
621 604 713 672 dumi
724 605 927 695 militiaeque,
949 625 1014 695 quo
1028 605 1126 675 modo
1145 631 1214 675 rem
1228 607 1401 698 publicam

116 709 313 792 habuerint,
322 711 759 802 quantamquereliqucrint,
770 725 808 779 ut
819 753 860 764 -
871 715 966 804 [acta
976 713 1192 798 sitdisserere,
1210 717 1290 784 ubia
1305 720 1401 785 verbo

117 813 283 884 disserere
294 819 432 906 primum
444 821 658 888 accusativum
670 821 1402 910 objetti(institutamajorum)pendet,deinde

117 925 345 1010 conjunctivus
360 925 515 993 orationis
526 927 676 1014 obliquae,
691 928 820 994 uocibus
835 947 899 1016 quo
909 925 1019 999 modo.
1033 941 1206 1014 quantam,
1223 925 1261 997 'ut
1275 935 1399 999 averbo

116 1042 232 1117 aptae;
262 1034 302 1099 cf.
319 1033 390 1120 lug.
408 1033 465 1114 8b,
488 1035 521 1114 l,
541 1054 608 1101 sese
627 1035 766 1123 quisque
775 1033 894 1126 praeda
927 1033 1120 1123 locupletem
1133 1037 1220 1124 sore,
1247 1038 1402 1105 uictorem

116 1137 260 1205 domum
277 1137 475 1217 rediturum,
497 1139 566 1207 alia
579 1137 813 1230 lutjrcscemadi
826 1138 948 1207 animis
968 1139 1155 1210 trabebant.

164 1247 203 1312 7ο
226 1247 323 1316 Varia
352 1246 495 1336 ejusdem
511 1247 597 1316 verbi
617 1249 740 1336 objecta
760 1257 941 1327 occurrunt,
960 1249 1209 1336 (substantivum
1230 1259 1260 1317 et
1281 1273 1402 1338 gerun-

116 1352 213 1419 dium
234 1369 288 1420 aut
310 1354 518 1441 infinitivum)
547 1379 555 1422 ε
578 1357 606 1422 J.
629 1357 661 1436 7,
684 1358 717 1436 2,
738 1375 876 1446 sperans
894 1355 948 1422 vel
969 1353 1161 1422 ostentando
1185 1357 1338 1426 uirtutem
1352 1359 1406 1427 vel

115 1457 267 1526 bostium
290 1460 416 1527 saevitia
437 1461 540 1548 facile
555 1483 630 1528 cum
649 1484 861 1541 occasurum3
891 1463 944 1546 (cl.
972 1463 1000 1529 J.
1019 1463 1051 1542 7,
1074 1465 1112 1542 43
1134 1465 1190 1539 66,
1213 1465 1323 1545 t;89,
1347 1469 1399 1551 l);

116 1568 154 1633 C.
187 1570 239 1644 tu,
263 1569 295 1647 l,
317 1589 381 1662 pro
410 1567 682 1657 dissepultum,
709 1567 951 1652 crudelitatem,
977 1567 1053 1636 deos
1077 1569 1259 1658 neplepere,
1286 1574 1400 1638 onznia

117 1671 256 1739 uenalia
279 1663 402 1765 babela
421 1673 566 1776 eductum
588 1677 622 1743 C.
645 1677 700 1756 25,
728 1678 760 1751 2,
785 1675 853 1742 leae
873 1675 1005 1756 mulier,
1030 1715 1071 1726 -
1088 1675 1204 1743 litteris
1226 1678 1347 1745 Graecis
1371 1691 1403 1746 et

116 1779 250 1847 Latinis
273 1778 381 1862 docta,
402 1780 557 1871 psallere,
578 1781 701 1848 saltare
725 1781 911 1870 clepautr'us
932 1803 1035 1871 quam
1058 1804 1185 1850 necesse
1209 1797 1256 1851 cst
1268 1785 1398 1874 probae,

117 1884 231 1952 multa
245 1885 315 1954 alia
330 1909 404 1978 quae
419 1889 638 1956 instrumenta
658 1887 800 1955 lucinia
819 1901 907 1955 sunt.

164 1996 201 2061 8ο
223 1995 271 2062 Ad
292 1997 457 2068 varietatis
478 1997 623 2064 studium
650 1995 825 2076 referendae
852 1996 948 2062 etiam
974 1981 1124 2063 videntur
1150 2000 1400 2068 constructiones

117 2101 239 2188 quibus
257 2101 436 2168 infinitivus
459 2103 626 2170 historicus
646 2121 717 2170 cum
740 2103 839 2170 finitis
866 2103 1062 2189 temporibus
1080 2105 1244 2184 miscetur,
1276 2114 1306 2171 et
1325 2125 1399 2174 con-

118 2209 311 2274 structiones
331 2207 378 2274 ad
389 2230 531 2276 sensnm.
549 2209 625 2276 Item
645 2222 806 2277 ἀνακόλουθα
821 2229 955 2295 quorum
973 2209 1184 2276 audacissima
1201 2211 1319 2278 reterre
1336 2213 1401 2298 plu-

117 2323 169 2380 cet
191 2315 243 2381 :l.
268 2315 323 2393 35,
351 2315 384 2391 3,
409 2313 526 2382 auidus
546 2315 661 2382 consol
687 2313 765 2382 belli
789 2313 932 2403 pirundi
949 2337 1080 2382 movere
1105 2334 1209 2404 quam
1236 2339 1399 2385 senescere

118 2421 236 2488 omnia
259 2419 415 2502 malebat,
441 2423 496 2490 ubi
517 2422 682 2489 Jacobsius
709 2440 882 2509 patruorum
902 2443 1077 2510 eorumque
1103 2421 1298 2490 deteriorum
1317 2425 1399 2492 codi-

117 2547 194 2594 cum
210 2527 271 2594 fide
281 2529 409 2595 moueri
420 2530 578 2608 scribtus.
590 2532 645 2610 ll,
657 2531 689 2605 5,
701 2548 826 2618 perque
836 2551 897 2595 sna
910 2540 1008 2595 antea
1016 2527 1158 2619 fideliter
1172 2541 1260 2612 acta,
1272 2551 1399 2618 prosua

117 2647 196 2701 acta
208 2633 324 2724 fidelia
334 2635 506 2725 praeterita
520 2638 567 2703 vel
582 2659 603 2702 a
620 2658 653 2702 sc
667 2633 913 2726 anteafideliter
927 2647 1018 2715 acta;
1035 2638 1062 2703 J.
1081 2638 1136 2718 66,
1159 2637 1192 2717 2,
1210 2637 1315 2726 r'pitur
1341 2642 1398 2706 Va·

117 2763 233 2828 penses
245 2779 290 2792 —
306 2741 471 2832 principius
493 2742 634 2809 civitatis
653 2743 739 2809 inter
758 2763 792 2808 se
810 2742 1001 2831 conjurant,
1019 2743 1072 2811 ubi
1090 2745 1321 2812 nominativum
1339 2748 1396 2811 ab·

119 2851 261 2916 solutum
277 2849 385 2915 vident
407 2851 553 2916 nonnulli
576 2850 603 2928 1;
637 2846 762 2916 item'J.
788 2851 819 2928 l,
850 2851 881 2928 lt,
900 2847 950 2915 sin
974 2861 1089 2938 captus
1106 2850 1264 2937 (animas)
1281 2851 1398 2940 praeis

29 3037 32 3044 ¹
119 2953 332 3044 cupidinibus
346 2953 393 3021 ad
405 2955 560 3022 inertiam
589 2965 621 3022 et
637 2952 820 3044 uolrcptates
836 2953 982 3044 eorporis
991 2953 1229 3044 pessumdatus
1249 2968 1308 3035 est,
1327 2979 1397 3045 per·

120 3063 242 3130 niciosa
272 3061 417 3128 lubidine
447 3044 611 3150 paulisper
640 3083 729 3142 usus,
760 3061 822 3128 ubi
840 3083 901 3151 per
926 3061 1111 3129 socordiam
1136 3061 1233 3141 uires,
1255 3075 1394 3156 tempus,

119 3168 292 3258 inqenium
309 3167 499 3258 diffluxere,
522 3181 651 3236 natura
667 3169 843 3259 infirmitas
857 3181 1046 3250 accusatur,
1069 3169 1397 3249 Curtius,Kunho1·d·

120 3287 183 3355 tus,
205 3277 389 3353 Muellerus,
410 3277 480 3358 atti,
506 3277 739 3344 nominativum
764 3278 946 3343 absolutum
968 3275 1091 3357 vident,
1118 3278 1279 3344 Lebnerus
1307 3299 1395 3357 vero,

120 3403 215 3470 quem
250 3383 412 3450 lacobsius
435 3385 591 3474 sequitur,
617 3383 711 3450 verbu
729 3382 915 3473 perniciosa
940 3381 1087 3449 lubidine
1104 3382 1279 3474 paullisper
1304 3405 1395 3465 usus,

121 3509 184 3556 non
205 3489 244 3556 ad
260 3489 438 3575 sequentia,
455 3490 510 3557 sed
526 3490 566 3556 ad
583 3511 755 3578 praegressa
772 3491 868 3556 verba
884 3491 992 3569 refert,
1011 3490 1054 3555 ita
1070 3501 1104 3556 ut
1120 3489 1210 3556 nulla
1223 3501 1396 3558 &saroterra

122 3595 172 3662 sit.
190 3595 277 3663 tote
292 3598 326 3663 C.
345 3597 401 3675 22,
420 3598 450 3676 l,
464 3595 560 3685 fuere
573 3615 612 3663 ea
633 3607 821 3686 tempestate
840 3595 900 3684 qui
913 3593 1060 3662 dicerent
1075 3587 1258 3663 Catilinam
1273 3633 1317 3645 -
1339 3593 1396 3660 bu-

120 3701 215 3769 mani
232 3703 378 3792 corporis
402 3703 598 3792 sanquinem
617 3701 693 3768 eicco
714 3702 919 3791 permirtum
945 3699 979 3768 in
998 3701 1124 3792 pateris
1146 3699 1393 3779 circumtulisse,

120 3807 196 3876 bide
208 3846 253 3859 -
269 3807 436 3900 aperuisse
451 3807 623 3875 consilium
639 3831 748 3891 suam,
767 3809 866 3896 ntq‘uc
880 3829 917 3875 eo
933 3811 1080 3876 dictitare
1095 3791 1211 3900 secisse
1230 3827 1294 3895 quo
1311 3805 1396 3873 inter

119 3937 152 3982 sc
171 3913 238 4006 fidi
248 3915 355 4004 mapis
370 3917 494 4006 forent,
512 3917 565 3983 ubi
585 3917 710 3996 Marsua
732 3912 885 3982 dictitare
905 3933 962 4003 pro
976 3913 1168 3982 dictitarent
1186 3916 1323 4002 positum
1340 3935 1394 4002 pu·

120 4033 177 4102 tat,
195 4024 251 4108 qni
273 4025 359 4090 locus
382 4041 458 4090 sane
482 4034 651 4110 corruptus
676 4023 715 4088 ab
736 4021 964 4108 interpretibus
986 4023 1085 4088 variis
1107 4019 1211 4088 modis
1237 4029 1395 4086 correctus

119 4141 177 4204 est,
199 4130 253 4197 sed
267 4149 329 4196 non
350 4131 393 4196 itu
412 4130 558 4197 utnulla
577 4129 735 4196 dubitatio
754 4130 904 4216 supersit.
1177 4127 1181 4135 '

162 4237 198 4302 9⁰
216 4236 360 4322 Deniqm
381 4237 421 4303 ad
439 4236 600 4302 varietatis
620 4235 762 4302 studium
782 4235 956 4302 reseremus
976 4236 1054 4302 satis
1070 4235 1224 4302 Sallustio
1240 4235 1393 4300 usitatum

119 4339 240 4410 morem
272 4344 443 4410 verborum
467 4342 612 4408 ordinem
644 4341 676 4408 in
708 4342 865 4428 oppositis
890 4341 1082 4421 inserendi,
1111 4361 1208 4436 qnam
1235 4341 1393 4407 rationem

119 4449 315 4537 grammatici
329 4466 446 4540 «papo
458 4460 584 4531 vocant,
601 4450 718 4517 ut‘Cat.
736 4449 768 4526 5,
788 4449 821 4526 9,
842 4459 882 4513 ut
886 4445 1059 4538 paulatim
1079 4447 1245 4514 inmutato
1259 4467 1300 4512 er
1312 4444 1393 4535 pul-

150 4615 172 4660 l.
185 4608 323 4659 Jacobsius
337 4613 430 4666 tamen,
449 4624 500 4658 non
519 4607 575 4658 sine
597 4605 713 4658 veritatis
736 4607 833 4671 specie,
855 4607 962 4657 verbum
980 4609 1116 4673 principes
1130 4621 1235 4656 sensum
1250 4603 1391 4670 praegressi

119 4681 378 4744 subusti-Venerius
392 4679 552 4740 restringere
566 4679 651 4741 docet,
667 4679 703 4728 ita
717 4683 745 4727 ut
759 4678 948 4727 sententiarum
963 4690 1042 4727 nexus
1057 4676 1100 4726 hio
1113 4675 1155 4735 sit,
1172 4675 1341 4738 Vumntes-
1353 4678 1395 4724 tu-

121 4755 199 4804 tcrsa
210 4753 373 4816 conjurentr
382 4751 517 4816 principes
532 4749 651 4804 civitatis
667 4749 734 4810 uuo,
751 4762 816 4807 nuru
827 4751 922 4815 uotum
944 4755 996 4811 etc,
1012 4753 1039 4814 et
1052 4747 1153 4807 conten
1166 4746 1227 4812 lug,
1244 4749 1298 4820 ¹0¹2,
1312 4749 1337 4798 t.
1353 4746 1392 4820 St-

121 4821 191 4870 milis
206 4821 366 4872 constructio
381 4819 475 4884 gallice
488 4819 570 4869 notari
584 4827 677 4884 potest.
737 4869 739 4876 ,
