3576 5724
906 381 1106 438 -454-

369 521 400 586 in
418 521 516 606 priori
532 521 675 588 membro
691 521 898 605 positumest,
915 524 1045 590 utflist.
1059 546 1105 594 111.
1122 526 1178 602 84,
1191 527 1225 605 7,
1243 525 1356 614 ltaque
1369 547 1551 594 concessere
1563 526 1636 594 illuc

367 648 490 706 omncs,
507 638 639 708 utmoc,
655 626 686 692 si
698 638 808 693 vostra
823 629 1019 718 receperitis,
1032 629 1080 696 acl
1090 653 1147 698 uas
1157 630 1322 721 plerique,
1338 633 1420 717 (scil.
1433 631 1633 720 concedent);

367 734 519 802 audacius
532 734 651 801 etiami
656 785 662 799 .
678 735 753 814 400,
767 736 799 815 4,
813 734 883 825 ipse
892 749 1043 802 armatus
1053 739 1260 827 intentusque
1270 739 1346 804 item
1358 737 1478 805 milites
1487 739 1633 828 copulat,

369 841 451 940 (scil.
469 862 535 907 esse
549 851 696 907 armatas
719 840 933 930 intentosque)
945 867 953 922 ;
966 845 1005 909 cl.
1024 844 1058 910 C.
1080 846 1136 926 47,
1152 847 1185 926 4,
1204 845 1272 935 ipsc
1288 847 1363 912 cuni
1382 845 1444 912 telo
1459 868 1538 928 csse,
1565 846 1638 914 item

367 944 584 1036 uliosfubere.
1147 1006 1164 1017 .

410 1055 444 1121 7⁰
462 1057 579 1122 Contra
589 1055 721 1121 verbum
735 1056 949 1142 supplendum
962 1067 1009 1122 est
1024 1056 1086 1124 alio
1104 1069 1242 1144 tempore
1255 1060 1302 1124 vel
1320 1059 1412 1126 moto
1427 1081 1466 1126 et
1479 1061 1575 1126 verbo
1591 1081 1635 1126 se-

366 1162 494 1248 quentis
504 1162 665 1228 enunciari
678 1161 858 1228 secundarii
871 1163 941 1228 Cat.
953 1163 1008 1240 48,
1021 1164 1054 1238 6,
1067 1185 1207 1254 cumque
1218 1164 1253 1231 in
1263 1163 1405 1231 vinculis
1416 1165 1636 1246 retinendum,

365 1288 470 1356 neque
478 1265 622 1356 amplius
628 1278 824 1356 potestatem
832 1268 1031 1357 faciundam
1041 1270 1123 1355 (scil.
1137 1269 1410 1357 irtdieancli),nisi
1420 1270 1459 1337 tle
1469 1294 1506 1338 ea
1517 1270 1637 1338 irsclica·

365 1387 425 1453 ret,
442 1373 538 1461 cujus
556 1373 690 1440 consilio
704 1385 833 1440 tantam
845 1396 916 1442 rem
931 1387 1012 1442 esset
1025 1376 1198 1459 mentitus;
1213 1379 1282 1463 lug.
1302 1379 1357 1459 tt,
1374 1379 1407 1454 4,
1424 1377 1484 1446 ubi
1499 1378 1637 1468 capnitis

366 1479 559 1546 Bomilcaris
572 1479 678 1545 uerbis
686 1479 802 1568 primo
817 1503 910 1561 cura,
924 1480 1053 1562 deiude,
1070 1483 1257 1572 utiaeprum
1268 1483 1508 1550 animumsolet
1522 1487 1579 1567 (sc.
1591 1506 1637 1550 ca·

360 1591 466 1675 pere),
490 1607 624 1651 somnus
643 1586 728 1674 cepit
746 1588 754 1621 ¹
765 1610 773 1666 ;
795 1588 864 1653 Cat.
883 1590 937 1662 47,
954 1590 988 1667 4,
1010 1609 1051 1654 cc
1070 1588 1162 1655 libris
1180 1587 1354 1678 Sibyllinis
1368 1611 1508 1678 repnum
1526 1592 1637 1657 Roma

365 1691 471 1759 tribus
491 1690 652 1760 Corneliis
659 1691 833 1780 portendi;
853 1693 997 1761 Cinnam
1010 1705 1110 1784 atque
1123 1694 1255 1762 Sullam
1276 1708 1375 1761 antea
1387 1699 1443 1782 (sc.
1457 1696 1589 1785 fuisse),
1604 1718 1634 1764 sc

308 1801 315 1812 '
365 1799 498 1866 tertium
512 1821 589 1879 esse,
610 1799 666 1865 cui
675 1799 790 1887 fatiem
809 1801 900 1886 forat
916 1799 1007 1868 urbis
1027 1801 1139 1891 patiri
1158 1804 1212 1884 (cl.
1237 1805 1254 1870 4
1261 1855 1264 1862 t
1283 1804 1339 1883 84,
1359 1804 1390 1888 l)
1402 1826 1411 1881 ;
1429 1804 1510 1869 Hist.
1531 1825 1566 1883 ιι,
1584 1806 1632 1882 50,

364 1908 397 1985 4,
413 1905 474 1993 qui
487 1905 616 1994 linqua,
642 1904 702 1993 qui
723 1905 857 1972 consilio
881 1929 966 1978 meo.
993 1907 1053 1996 qui
1063 1909 1211 1998 pecunia
1235 1907 1369 1975 uoluere
1399 1909 1457 1995 (sc.
1487 1909 1566 1994 uti),
1587 1910 1635 1975 usi

361 2026 454 2094 sunt;
469 2014 540 2098 lug.
565 2013 620 2091 49,
632 2014 665 2086 4,
686 2033 759 2100 quse
774 2010 817 2078 ab
834 2012 1033 2103 imperatore
1052 2013 1221 2081 decorarint
1237 2017 1294 2102 (sc.
1308 2013 1508 2103 providere),
1524 2014 1633 2082 omnia

361 2119 430 2186 suis
441 2119 593 2208 prouisa.
616 2117 724 2184 locum
740 2119 959 2210 superiorem,
979 2134 1058 2201 etc.;
1077 2123 1130 2208 (cl.
1147 2124 1176 2189 4.
1196 2123 1250 2202 44,
1270 2123 1310 2189 45
1327 2134 1357 2188 et
1378 2122 1449 2207 44).
1468 2124 1548 2202 Quae
1563 2143 1630 2189 con·

362 2229 492 2293 structio
514 2229 611 2292 aurei
630 2237 721 2292 aetote
741 2227 819 2291 satis
842 2248 914 2292 sara
937 2228 1023 2312 apud
1043 2230 1185 2294 Tacitum
1208 2229 1390 2314 frequenter
1411 2229 1569 2308 occurrit3
1592 2228 1628 2294 cl.

361 2335 425 2401 Cic.
444 2334 484 2400 ad
505 2334 579 2399 lam.
604 2334 637 2413 7,
654 2334 709 2410 44,
727 2331 818 2412 olim,
836 2353 937 2420 quum
953 2355 1092 2422 rcpnare
1110 2333 1397 2412 enistimaltamur,
1418 2355 1485 2399 non
1509 2346 1577 2400 tam
1593 2332 1629 2400 ab

361 2438 449 2518 ullis,
474 2460 574 2528 puam
590 2437 651 2506 lcoc
666 2449 810 2526 tempore
824 2437 977 2507 observor
991 2463 1012 2506 a
1024 2425 1301 2530 familiarissimis
1317 2442 1468 2508 Cusuris.

404 2546 440 2612 8⁰
462 2548 549 2628 later
562 2547 802 2612 enunciationes
820 2548 940 2614 causali
961 2548 1087 2613 vincula
1110 2549 1301 2614 cohaerentes
1321 2550 1475 2632 particula
1495 2549 1629 2614 causalis

360 2675 442 2742 saepe
457 2654 628 2734 omittitur,
645 2654 810 2720 sententiis
835 2654 879 2719 ita
898 2655 1017 2740 maiore
1039 2654 1175 2739 quadam
1202 2655 1230 2718 vi
1258 2673 1290 2719 se
1314 2655 1560 2740 excipientibus,
1582 2675 1626 2722 ex.

360 2783 406 2850 gr.
419 2786 426 2826 :
440 2762 509 2827 Cat.
528 2761 560 2836 7,
576 2762 609 2838 5,
628 2759 731 2849 ipitur
747 2757 868 2825 talibus
881 2758 960 2825 uiris
974 2780 1040 2825 non
1056 2757 1151 2826 labor
1163 2758 1324 2840 insolitus,
1337 2786 1400 2840 -;
1416 2761 1517 2848 [nam]
1530 2761 1629 2827 uirtus

359 2867 472 2933 amnia
497 2866 685 2944 domuerot3
706 2867 760 2942 43,
783 2868 814 2943 4,
835 2877 960 2931 natura
985 2865 1097 2952 feroc,
1123 2865 1305 2965 vehemens,
1333 2889 1438 2932 manu
1456 2879 1630 2958 promptus

359 2986 442 3051 erat,
463 2974 565 3060 [nam]
582 2993 779 3038 maxumum
798 2969 921 3038 bonttm
936 2970 970 3037 in
985 2969 1150 3038 celeritate
1153 2971 1316 3061 putabat;
1329 2974 1458 3038 -item
1477 2975 1632 3060 particula

358 3081 557 3146 adversativa
571 3080 658 3144 deest
676 3079 710 3144 C.
733 3079 788 3157 35,
805 3080 838 3154 4,
860 3098 961 3165 quam
977 3078 1017 3144 ob
1033 3100 1103 3144 rem
1118 3075 1337 3166 defensionem
1349 3079 1383 3145 in
1397 3101 1483 3146 nouo
1497 3080 1630 3147 consilio

357 3208 424 3252 non
437 3185 541 3252 statui
553 3206 690 3273 parare.
717 3185 798 3272 [sed]
815 3184 1075 3273 satisfactionem
1091 3206 1132 3252 ca
1145 3184 1238 3251 nullu
1262 3185 1462 3252 cariscientia
1477 3184 1518 3254 cle
1531 3185 1631 3277 culpa

354 3313 539 3381 proponere
553 3289 691 3370 decrevi,
704 3313 804 3379 qttarn
818 3290 1045 3378 mediusfidius
1066 3313 1177 3358 ueram
1194 3291 1269 3357 licet
1286 3314 1480 3381 capnoscas:
1503 3296 1556 3368 58,
1575 3295 1628 3373 43,

355 3398 510 3488 potuistis
524 3397 679 3463 nonnulli
691 3400 802 3465 Romus
826 3397 956 3463 amissis
980 3397 1071 3463 bonis
1093 3396 1219 3464 alienas
1240 3419 1315 3486 apes
1339 3412 1529 3488 especture3
1551 3402 1629 3482 [sed]

358 3505 438 3594 quia
446 3501 606 3590 illafoecla
615 3501 929 3592 atpueintolerandu
938 3503 1017 3570 uiris
1025 3502 1234 3576 uidebantur,
1245 3504 1312 3571 lucc
1321 3506 1416 3593 sequi
1423 3504 1627 3588 decreuistc's;

355 3615 385 3678 4.
406 3612 462 3690 85,
480 3611 534 3690 38,
552 3608 697 3697 majores
711 3631 824 3676 eortcm
843 3610 957 3676 amnia
971 3630 1045 3698 pute
1060 3609 1179 3676 licebat
1198 3609 1264 3676 illis
1283 3610 1460 3698 reliquere,
1483 3612 1624 3687 diuitias,

357 3717 528 3806 imapines,
550 3716 744 3783 memorium
763 3716 818 3782 sui
829 3713 1047 3806 praclarum,
1076 3718 1152 3798 [sed]
1176 3716 1330 3783 uirtutem
1354 3741 1421 3783 nnn
1450 3719 1622 3808 reliquere,

356 3847 460 3913 neque
468 3836 647 3915 poterunt:
670 3830 767 3906 [nam]
787 3845 826 3890 ea
840 3823 911 3889 sola
925 3844 1030 3912 neque
1045 3822 1145 3889 datter
1159 3823 1244 3889 dono
1259 3845 1365 3912 neque
1380 3825 1558 3915 accipitur,
1573 3827 1622 3894 ubi

356 3942 451 3998 ettam
464 3931 603 3998 cattsalis
621 3931 778 4016 particula
792 3931 907 3996 omissa
922 3944 981 4006 est,
999 3945 1058 3997 etc.

399 4041 482 4105 Ante
498 4059 576 4104 nam
596 4039 713 4122 saepius
732 4048 825 4103 totam
838 4041 1041 4114 sententiam,
1058 4038 1097 4103 ad
1113 4059 1208 4122 quom
1220 4041 1388 4111 toleretur,
1404 4041 1519 4126 negligi
1532 4060 1621 4128 supra

354 4147 519 4212 docuimus
535 4146 620 4227 (Vid.
641 4165 671 4230 p.
693 4145 789 4231 444);
821 4145 895 4209 item
922 4163 996 4210 cum
1011 4144 1170 4229 particule
1189 4143 1255 4210 nisi
1275 4146 1336 4231 (vel
1354 4143 1420 4210 nisi
1438 4151 1561 4230 tamen)
1579 4157 1620 4211 to-

355 4264 420 4319 tum
440 4253 645 4319 enuntiatum
674 4251 887 4337 supplendum
910 4261 969 4330 est,
990 4250 1062 4336 lug.
1089 4252 1145 4324 44,
1168 4253 1207 4329 5;
1230 4253 1285 4332 67,
1308 4252 1327 4317 3
1336 4276 1344 4330 ;
1371 4252 1426 4330 95,
1452 4253 1490 4334 3;
1514 4252 1620 4332 400,5

354 4360 414 4444 (Cf.
433 4379 464 4445 p.
485 4358 576 4442 407).
1580 4439 1582 4443 ι

396 4467 441 4532 De
453 4465 569 4530 omisso
580 4464 701 4552 objecto
717 4463 803 4531 verbi
816 4463 924 4538 activi,
936 4463 1007 4529 vide
1023 4483 1117 4548 supro
1134 4484 1166 4549 p.
1186 4465 1230 4530 80
1245 4484 1314 4551 sqq.
1328 4487 1337 4542 ;
1357 4464 1507 4532 similiter
1522 4474 1620 4531 celcra

352 4572 474 4659 ellipsis
493 4591 609 4657 genera
629 4592 685 4638 suo
701 4591 835 4656 quaeque
853 4573 919 4636 loco
933 4570 1099 4636 enucleate
1113 4580 1202 4646 sunt,

382 4706 405 4752 4.
423 4702 473 4751 Hic
490 4701 631 4752 notandum
644 4709 684 4750 est
698 4716 840 4765 pronomen
852 4701 981 4764 objectum
997 4713 1060 4752 eunt
1075 4700 1153 4749 etiam
1168 4700 1340 4764 supplendum
1354 4716 1421 4752 esse.
