3534 5720
911 463 1106 522 -198—

370 609 420 671 ms
432 605 528 691 huJus
536 605 716 690 exemplum
725 605 832 672 inveni
844 628 851 671 :
861 607 933 690 Jug.
946 606 1001 686 at,
1015 608 1069 685 44,
1079 605 1128 673 ita
1137 625 1238 693 quem
1250 605 1389 694 quisque
1395 626 1547 695 pessume
1552 606 1639 694 feeit,

371 722 439 776 tem
448 731 606 778 maxume
617 723 706 776 taetus
716 722 778 788 θείς
788 713 1015 779 conterendum
1023 724 1071 779 est
1081 724 1186 779 tamen
1196 713 1277 780 Hist.
1292 733 1314 790 ι,
1329 714 1383 791 45,
1394 715 1450 790 at,
1464 710 1641 802 quibuspa·

370 817 500 905 tefnctt's
510 838 612 905 quam
624 816 828 904 formidatus
838 830 896 899 est,
908 830 978 885 tum
987 830 1224 900 contemnetur,
1239 819 1294 886 ubi
1312 820 1530 906 superlativus
1545 820 1638 886 deest.
1753 832 1758 845 ·

412 926 447 990 C.
473 960 518 973 -
539 926 717 990 Enumerare
740 946 986 1000 conscensurus.

413 1031 448 1097 ln
479 1029 661 1096 enuntiatis
693 1031 930 1120 consequentiae
957 1052 1058 1120 quum
1086 1031 1257 1098 Sallustius
1285 1032 1450 1117 vulgarem
1479 1051 1573 1098 usum
1596 1032 1641 1098 lo·

369 1136 488 1225 quendi
515 1145 639 1204 secutus
662 1137 714 1215 sit,
735 1138 823 1240 'nihil
851 1139 1004 1226 estquod
1028 1139 1173 1224 exempla
1197 1138 1408 1225 proteramus,
1433 1139 1499 1204 Hoc
1520 1147 1643 1204 tantum

370 1244 552 1310 notabimus
570 1244 741 1331 aliquoties
760 1265 802 1310 ne
819 1265 877 1331 pro
900 1245 1065 1312 usitatiore
1081 1242 1238 1311 ueduata
1257 1244 1413 1311 Sallustio
1428 1243 1592 1331 usurpari,
1608 1245 1639 1310 in
1759 1285 1760 1308 ι

370 1350 551 1418 enuntiatis
566 1350 687 1435 pariter
707 1352 915 1418 consecutivis
933 1362 963 1418 ct
983 1351 1135 1419 finalibus
1154 1351 1222 1430 ubi,
1241 1351 1341 1437 priori
1363 1350 1593 1437 significatione
1607 1351 1644 1416 de

370 1468 467 1537 torta,
487 1457 667 1523 affirmatur
690 1477 757 1524 rem
783 1458 925 1544 aliquam
948 1459 1178 1525 multominus
1199 1459 1296 1525 etiam
1319 1477 1416 1543 quam
1441 1477 1644 1544 praegressum

370 1565 440 1632 fieri
457 1584 561 1652 posse,
577 1572 613 1629 ut
627 1564 696 1630 Cat.
715 1566 769 1644 ll,
785 1565 820 1645 8,
837 1564 959 1654 quippe
972 1564 1121 1631 sectanda
1136 1585 1187 1631 res
1205 1563 1404 1653 sapientium
1425 1562 1554 1630 animos
1569 1563 1645 1651 suli-

368 1682 464 1761 pont,
481 1691 520 1736 ne
535 1668 588 1736 illi
601 1670 767 1759 centuplis
781 1670 928 1738 moribus
943 1671 1086 1738 victorie
1098 1682 1331 1759 temperarent,
1343 1672 1398 1738 uhi
1416 1670 1509 1756 pauci
1525 1669 1644 1737 codices

370 1778 644 1854 medemahem,
668 1787 698 1844 et
719 1779 809 1863 prius
829 1781 1008 1846 membrum
1029 1779 1230 1866 negationem
1251 1781 1401 1844 latentem
1423 1777 1575 1856 continet,
1593 1777 1644 1844 sed

371 1886 506 1951 lormam
518 1885 752 1950 affirmativam.
767 1885 815 1951 Cf.
829 1886 910 1950 Hist.
928 1906 963 1963 ιι,
981 1887 1021 1951 44
1034 1909 1041 1950 :
1056 1886 1199 1952 Donatus
1214 1885 1254 1950 ad
1270 1887 1341 1951 Ter.
1358 1883 1459 1950 Andr.
1473 1903 1515 1962 ιν,
1530 1885 1564 1962 2,
1580 1884 1641 1949 23:

376 2019 388 2053 ι
407 1993 457 2060 Ne
474 2016 488 2053 ι
503 2011 567 2080 pro
589 1988 741 2056 «nedum
760 2017 771 2051 ι
791 2002 851 2056 aut
861 1989 1055 2057 adverbium
1066 2002 1114 2058 est
1119 1990 1337 2080 prohibentis,
1349 2001 1389 2056 act
1400 1990 1443 2056 sit
1457 2017 1468 2050 ι
1483 2011 1524 2056 ne
1534 2011 1600 2055 non
1614 2015 1642 2054 ι.

371 2097 552 2164 Sallustius
573 2095 715 2164 secundo
740 2095 824 2164 libro
844 2119 855 2164 :
879 2099 925 2164 Nu
944 2119 1011 2164 ιιιι
1030 2120 1128 2165 cauno
1148 2120 1236 2164 nanta
1256 2119 1336 2174 snm,
1354 2119 1418 2185 pro
1443 2125 1454 2156 ι
1474 2094 1597 2162 nedum
1616 2123 1641 2162 ι.
1759 2163 1760 2182 p

372 2205 565 2271 Restrictivae
581 2215 688 2270 autem
702 2204 945 2291 significationis
960 2206 1087 2272 nullum
1106 2206 1287 2291 exemplum
1302 2203 1422 2270 inveni.

417 2313 454 2376 D.
471 2347 517 2360 -
530 2311 610 2390 Qum
631 2311 664 2376 iu
684 2310 865 2377 modalibus
889 2312 1064 2378 enuntiatis
1081 2313 1165 2399 apud
1180 2311 1324 2379 Tacitum
1343 2310 1552 2378 audacissime
1571 2329 1644 2376 con-

372 2427 527 2484 structum
556 2418 713 2499 occurrit3
740 2418 826 2503 apud
855 2418 1045 2485 Sallustium
1069 2439 1144 2485 vero
1168 2419 1235 2485 hac
1266 2420 1428 2485 notatione
1454 2417 1553 2503 digna
1580 2415 1644 2481 visa

373 2536 448 2591 sunt
469 2547 476 2588 :
497 2524 569 2608 lug.
588 2525 642 2603 40,
659 2526 692 2603 2,
710 2523 868 2612 quoniam
887 2536 1000 2613 aperte
1021 2526 1167 2591 resistere
1190 2547 1257 2591 non
1276 2534 1432 2614 poterunt
1444 2523 1526 2612 quin
1544 2516 1603 2588 'illa
1616 2534 1645 2587 et

373 2631 443 2697 alie
458 2629 541 2696 talla
558 2629 692 2720 placere
703 2630 767 2698 sibi
779 2631 983 2719 faterentur3
1006 2633 1074 2699 Cat.
1093 2632 1148 2711 53,
1165 2631 1198 2712 0,
1214 2653 1298 2720 quos
1313 2631 1473 2719 quoniam
1487 2651 1539 2696 res
1554 2628 1643 2696 obne-

373 2737 469 2818 leret,
489 2737 616 2803 silentio
638 2738 801 2824 praeterire
823 2760 890 2804 non
909 2737 980 2826 [ult
996 2738 1182 2820 consillum,
1198 2738 1279 2827 quin
1299 2737 1471 2825 utriusque
1487 2747 1643 2802 naturum

373 2857 403 2911 et
428 2866 545 2927 mores,
573 2857 738 2933 quantum
766 2844 896 2934 inpendo
918 2868 1064 2935 possem,
1093 2845 1272 2936 aperirem,
1298 2846 1351 2911 ubi
1375 2847 1456 2932 quin
1485 2843 1525 2910 ad
1548 2844 1643 2910 verba

372 2973 439 3018 non
449 2943 620 3041 praeterire
636 2962 759 3019 tantum
777 2954 872 3028 modo
892 2954 1003 3020 reterri
1030 2974 1120 3039 posse
1134 2954 1274 3031 videtur,
1295 2953 1430 3037 ideoque
1451 2950 1643 3038 negligentia

373 3061 461 3125 ortirs
482 3059 684 3145 pleonasmus
699 3070 758 3139 est,
776 3071 806 3126 et
820 3059 936 3145 duplex
953 3062 1145 3126 constructio
1165 3059 1375 3146 agnoscenda,
1397 3078 1499 3145 quum
1517 3055 1644 3124 silentio
1758 3113 1759 3164 4

371 3187 438 3232 non
451 3165 622 3255 preterire
649 3167 713 3232 vim
729 3166 928 3232 allirmativae
943 3168 1109 3233 sententiae
1124 3167 1252 3234 habeat.
1275 3166 1431 3232 Similiter
1450 3166 1520 3232 Cat.
1541 3164 1595 3242 39,
1612 3165 1643 3241 4,

372 3294 476 3360 neque
491 3272 567 3356 illis.
585 3272 646 3361 qui
659 3272 833 3340 cicladum
849 3271 962 3361 adepti
977 3274 1101 3362 forent,
1124 3273 1249 3339 diutius
1268 3294 1307 3338 ee
1327 3273 1373 3338 uti
1391 3272 1543 3349 licuisset,
1566 3269 1646 3359 quin

373 3377 507 3467 defessis
527 3392 559 3446 et
571 3378 779 3469 adaequatus
798 3378 947 3471 periples
960 3391 1071 3469 posset
1089 3380 1265 3467 imperium
1280 3391 1379 3468 utque
1394 3377 1577 3445 libertatem
1591 3398 1645 3442 ee-

374 3497 555 3574 torqueret3
573 3487 653 3553 adde
673 3488 754 3554 Hist.
773 3509 821 3568 111,
837 3488 892 3568 37,
908 3509 976 3553 non
992 3499 1026 3551 tu
1041 3485 1115 3568 scio,
1131 3486 1162 3552 εἰ
1177 3507 1259 3575 quos
1272 3485 1351 3553 aedis
1370 3484 1456 3574 ipnt's
1469 3483 1554 3573 cepit
1565 3481 1645 3549 acri-

373 3605 432 3670 ter,
449 3613 517 3658 non
525 3592 644 3681 [uelles
656 3605 732 3659 aurel
746 3594 878 3660 delensu
890 3592 972 3681 quin
988 3592 1424 3683 centburmelurproeumae,
1437 3591 1492 3658 ubi
1506 3589 1645 3676 asupiuo

373 3699 490 3785 pendet
505 3721 640 3785 sequens
653 3700 870 3767 enuntiatum.

415 3807 573 3873 Praeterea
590 3806 672 3894 qpie
688 3827 746 3893 pro
766 3806 833 3873 imo
849 3807 965 3893 legitur
981 3807 1013 3871 in
1029 3806 1178 3872 Historiis
1196 3829 1203 3872 :
1222 3829 1245 3888 ι,
1264 3807 1317 3885 45,
1337 3806 1376 3886 6;
1397 3826 1420 3885 ι,
1438 3806 1480 3870 46
1488 3828 1497 3884 ;
1514 3825 1537 3884 ι,
1554 3804 1608 3881 54,
1626 3801 1645 3866 8
1757 3891 1758 3894 Ἴ

373 3924 404 3980 et
418 3914 478 3994 203
500 3936 534 3992 ιι,
551 3915 607 3994 50,
624 3914 656 3980 3.
1757 3895 1758 3918 ’

984 4091 1035 4157 ΙΙΙ.

859 4285 990 4344 Causalia
1005 4285 1165 4342 enunciata.

417 4447 455 4514 Α.
478 4485 519 4496 -
541 4449 620 4516 Cum
640 4447 819 4515 indicativo
835 4459 1001 4535 sequentes
1018 4447 1184 4535 particulae
1197 4447 1390 4534 junguntur:

417 4555 470 4620 Eo
484 4552 576 4642 quod
590 4556 674 4643 apud
697 4555 888 4622 Sallustium
903 4575 966 4621 non
981 4567 1104 4622 exstare
1118 4554 1262 4635 videtur3
1280 4565 1312 4620 at
1326 4575 1365 4619 eu
1378 4551 1491 4642 pratia
1506 4589 1552 4604 -
1565 4557 1648 4641 quod

375 4661 538 4733 invenitur
555 4668 625 4751 lug.
645 4666 700 4745 54,
728 4665 764 4742 4;
790 4662 846 4743 80,
873 4664 910 4741 4;
928 4684 964 4728 eo
984 4661 1091 4752 alapis
1113 4659 1276 4749 -quod,
1296 4661 1366 4728 Cat.
1394 4664 1427 4739 4,
1446 4662 1484 4742 23
1500 4662 1572 4748 lug.
1594 4661 1645 4738 22.

377 4771 413 4850 l;
429 4791 467 4836 eo
488 4775 531 4856 (et
545 4771 792 4859 comparativus)
804 4805 850 4820 -
863 4767 965 4858 quod,
981 4772 1053 4857 lug.
1076 4770 1130 4848 04,
1153 4772 1189 4850 4;
1207 4770 1262 4848 78,
1280 4770 1311 4835 4.
