3534 5720
899 366 1096 440 -156-

363 517 445 594 ulios
468 531 649 614 tamquarm
665 539 739 606 opes
755 540 845 600 suas,
868 519 1058 608 inparatam
1078 519 1329 609 rempublicam,
1351 544 1475 612 mapnn
1491 527 1630 612 paroemia

361 621 603 712 conjurationis
622 621 747 690 docere.

405 732 439 798 8⁰
459 734 516 826 De*
528 729 731 797 secundariis
755 730 949 798 enunciatis.
970 769 1013 781 ·-
1029 732 1077 800 Ad
1092 733 1263 799 enunciata
1278 730 1468 803 secundaria
1483 738 1568 824 quod
1587 750 1633 805 at-

362 838 454 918 tinet,
474 838 670 925 imperfecto,
684 852 719 905 ut
735 859 792 924 par
812 846 870 916 est,
889 839 914 904 si
935 831 1044 928 eodem
1062 848 1202 925 tempore
1220 827 1431 926 res'agantur,
1446 845 1633 930 plusquam-

362 947 512 1032 perfecto,
531 945 557 1012 si
575 947 669 1030 plane
684 946 832 1030 perfectae
856 945 932 1027 siut,
958 929 1194 1031 exprimuntur.
1218 949 1441 1038 imperfectum
1460 962 1634 1038 usurpatur

359 1053 429 1137 Jog.
449 1054 503 1132 20,
519 1053 561 1146 83
581 1052 635 1132 33,
656 1052 711 1132 31,
736 1073 771 1118 ac
797 1053 930 1139 saepius3
949 1047 1309 1139 plusquamperfectum,
1328 1056 1400 1142 Jug.
1428 1057 1482 1135 to,
1518 1067 1558 1138 43
1580 1059 1632 1136 at,

361 1161 400 1238 53
415 1160 470 1238 89,
488 1161 519 1239 l;
537 1169 618 1238 etc.;
646 1169 819 1246 utrumque
846 1159 1007 1226 invenitur
1025 1161 1095 1248 lug.
1114 1161 1168 1242 55,
1190 1162 1223 1240 8,
1241 1182 1278 1226 eo
1302 1171 1450 1254 ,tempore
1465 1165 1632 1251 lapurtlin

356 1287 418 1354 per
441 1264 531 1331 collis
554 1264 658 1354 sequi,
681 1277 808 1354 tempus
830 1278 890 1331 aut
915 1264 1022 1332 locum
1042 1287 1166 1355 pupnae
1185 1288 1342 1357 quaerere,
1367 1290 1437 1356 qua
1456 1282 1631 1337 uenturum

358 1371 485 1440 ltostem
505 1374 663 1453 audierat,
682 1370 846 1461 pabulum
862 1383 895 1438 et
909 1393 1077 1466 aquarum
1093 1373 1210 1461 sontis,
1232 1396 1373 1464 quorum
1387 1376 1532 1464 penuria
1550 1388 1630 1456 erat,

359 1501 587 1568 conrumpere,
601 1477 698 1545 modo
712 1501 746 1544 se
766 1478 911 1559 Metelle,
938 1478 1102 1546 interdum
1124 1481 1233 1566 ,llario
1253 1481 1432 1568 ostendere,
1450 1495 1632 1572 postremos

358 1587 394 1653 in
413 1586 546 1675 apmine
562 1597 720 1676 temptare
739 1608 778 1652 ac
792 1587 903 1652 statim
917 1585 951 1652 in
966 1585 1056 1652 collis
1070 1584 1216 1674 repredi,
1233 1600 1312 1668 elc.;
1329 1589 1370 1656 im
1375 1590 1549 1676 perlectum
1565 1612 1632 1658 con-

355 1694 510 1781 junctivi:
528 1688 598 1780 Jug'.
623 1695 676 1776 ll,
699 1694 735 1772 8;
758 1694 811 1772 36,
836 1695 873 1773 2;
893 1693 948 1771 37,
976 1695 1012 1772 43
1033 1695 1101 1760 Cat.
1125 1694 1180 1774 39,
1198 1695 1230 1770 2,
1250 1705 1332 1774 etc.;
1349 1708 1424 1778 eto,
1442 1679 1632 1784 plusquam-

360 1801 532 1887 perfectum
553 1810 658 1865 autem
673 1799 866 1886 conjunctivi
892 1801 986 1877 semel
1012 1810 1164 1890 tantuma
1185 1801 1337 1888 Sallustio
1354 1815 1542 1890 usurpatur,
1559 1806 1628 1898 lug.

264 1939 267 1947 ·
358 1907 412 1988 58,
435 1908 467 1973 3.

401 2016 470 2081 Jam
490 2014 649 2101 quomodo
666 2013 861 2080 inducantur
881 2013 1032 2080 infinitivi
1049 2013 1205 2092 historici,
1228 2025 1336 2102 etqua
1351 2016 1475 2082 ratione
1491 2018 1631 2103 habean-

357 2132 409 2188 tur
424 2121 613 2190 seoundaria
628 2121 799 2208 enunciata
814 2120 1169 2208 breviterudisputatum
1184 2131 1230 2188 est
1237 2145 1247 2200 3
1264 2142 1445 2207 quaeramus
1462 2143 1547 2190 nunc
1559 2145 1631 2210 quo·

357 2229 449 2294 modo
474 2228 598 2294 desinat
625 2248 660 2294 ac
681 2228 891 2294 concludatur
912 2227 1145 2293 infinitivorum
1164 2227 1296 2317 illorum
1322 2229 1436 2309 series:
1458 2231 1574 2298 deinde
1593 2232 1629 2297 de

356 2335 505 2421 subjectis
522 2335 689 2422 verbisque
706 2335 739 2400 in
755 2335 812 2400 hac
832 2335 1064 2400 constructione
1085 2335 1236 2402 adhibitis
1261 2356 1401 2422 agemus.

400 2444 435 2508 9⁰
458 2444 505 2531 De
523 2423 699 2508 collectiois
713 2440 907 2508 enuntiatis.
929 2478 974 2493 -
990 2440 1160 2507 Infinitivis
1175 2441 1346 2521 historicis,
1360 2443 1574 2532 quidelinilas
1589 2446 1602 2511 l
1619 2483 1629 2494 -

357 2550 419 2616 cies
434 2549 531 2626 unius
547 2559 601 2615 aut
615 2550 791 2614 multarum
812 2549 970 2616 actionum
994 2548 1126 2613 alternis
1143 2548 1265 2616 vicibus
1284 2547 1394 2616 eodem
1410 2559 1551 2637 tempore
1566 2573 1627 2618 suc·

355 2657 500 2722 cedentes
516 2656 780 2741 olliugunt,nunc
796 2653 985 2741 simpliciter
1000 2675 1116 2732 novum
1133 2656 1252 2734 lactum
1268 2656 1377 2743 adjicit
1388 2655 1626 2746 scriptor,qu0d

355 2764 483 2854 quidem
503 2763 694 2849 plerumque
709 2763 814 2828 evcnit
829 2781 885 2828 neo
902 2761 1000 2827 ullius
1017 2753 1238 2847 explicationis
1254 2772 1341 2848 eget3
1358 2784 1447 2829 nttnc
1474 2784 1628 2831 summam

352 2855 462 2937 ¹rerum
483 2869 515 2935 in
536 2890 636 2936 unum
653 2867 855 2948 contrahens,
880 2868 1019 2934 breviter
1038 2889 1091 2933 eas
1115 2889 1170 2955 per
1192 2862 1359 2936 commune
1380 2880 1435 2936 aut
1456 2869 1553 2936 latius
1572 2891 1627 2956 pa-

355 2987 423 3044 teus
443 2976 649 3044 enunciatum
673 2976 806 3061 colligit,
827 2977 876 3041 vel
896 2975 993 3042 etiam
1013 2975 1102 3044 addit
1125 2977 1281 3064 nonnulla
1304 2996 1376 3061 quae
1393 2976 1469 3062 quid
1486 2997 1524 3044 ex
1538 2989 1627 3043 enar·

354 3081 1627 3168 ratisrehuscousequaturindicentlnejusmodienunciatisquarationeverha

353 3190 842 3276 hahendasint,operaepretium
852 3189 912 3255 erit
929 3189 1393 3276 perquirere.Grysarius(loco
1407 3190 1493 3256 laud.
1506 3211 1536 3276 p.
1551 3191 1625 3275 783)
1696 3257 1698 3264 ,

352 3299 485 3366 rcrhum
496 3297 624 3364 linitum
642 3298 674 3363 in
690 3297 865 3364 collectivis
877 3296 1058 3362 enunciatis
1070 3315 1194 3382 semper
1206 3296 1342 3362 inveniri
1357 3297 1437 3362 lalso
1453 3299 1625 3376 contendit,

353 3426 389 3472 ac
403 3425 461 3490 pro
475 3411 658 3491 argumento
671 3402 920 3470 allerteximium
938 3389 1031 3470 illum
1041 3405 1146 3470 locum
1162 3403 1403 3489 Ciceronislpro
1418 3404 1542 3484 Roscio,
1556 3425 1623 3490 cap.

352 3513 420 3597 38),
435 3513 466 3578 iu
481 3533 543 3598 quo
558 3532 633 3578 sane
652 3511 809 3589 collectio,
827 3509 971 3576 adhibito
988 3520 1127 3595 tempore
1144 3509 1245 3590 linito,
1264 3511 1449 3596 praeclaram
1462 3519 1557 3598 atque
1570 3514 1626 3578 ele·

351 3629 476 3706 gentem
487 3620 621 3684 formam
636 3618 752 3684 induit.
765 3617 919 3702 Sedquod
930 3617 968 3682 ad
983 3617 1174 3684 Sallustium
1184 3617 1332 3702 pertinet,
1347 3616 1412 3682 haec
1424 3636 1625 3704 nequaquam

351 3726 449 3812 accipi
464 3735 564 3814 potest
577 3725 698 3810 opinio.
711 3724 818 3790 Etnim
834 3724 917 3790 inter
931 3735 1061 3790 eentum
1078 3725 1143 3791 lere
1160 3726 1243 3816 locos
1257 3723 1311 3810 qui
1331 3723 1626 3808 pluresinfinitivos

351 3834 480 3912 hahent,
511 3831 631 3920 vipirtti
646 3830 792 3920 quinque
816 3831 1028 3898 conclusionis
1044 3831 1248 3898 enunciatum
1266 3830 1421 3918 praebent,
1451 3852 1491 3897 ex
1510 3832 1625 3918 quihus

350 3937 503 4007 undecim
531 3949 654 4006 tanturn
686 3950 827 4026 tempore
852 3938 942 4004 linito
977 3939 1226 4036 concluduntur,
1267 3937 1331 4002 alia
1351 3935 1621 4025 'quatuordecim

352 4048 441 4134 (nam
455 4067 519 4114 non
543 4046 750 4131 excipiendus
769 4054 816 4112 est
833 4046 904 4131 lug.
931 4046 1004 4124 tot,
1023 4047 1076 4124 ll,
1092 4043 1146 4113 uhi
1163 4042 1293 4110 nomina
1308 4063 1381 4110 cum
1396 4044 1544 4128 perlectis
1560 4065 1625 4130 pas·

350 4155 425 4222 siris
436 4154 559 4242 juncto,
576 4174 647 4241 quae
658 4154 729 4241 jam
742 4173 840 4238 supra
864 4151 1033 4217 infinitivis
1048 4150 1207 4216 historicis
1228 4170 1289 4215 nou
1304 4150 1476 4216 dissimilia
1490 4170 1558 4218 esso
1573 4151 1624 4218 de·

348 4262 554 4340 claravimus,
581 4261 614 4326 in
634 4259 804 4327 enunciata
823 4258 987 4326 collectiva
1011 4268 1095 4323 stant
1116 4258 1152 4341 ¹),
1169 4257 1366 4324 infinitivum
1390 4257 1487 4324 etiam
1503 4258 1536 4324 iu
1556 4277 1625 4325 con·

381 4504 403 4549 t.
424 4500 491 4550 Tum
506 4497 694 4560 spectaculum
711 4493 845 4546 horrittte
855 4495 882 4544 tn
894 4494 998 4558 eampis
1011 4491 1166 4556 potentibus
1179 4507 1184 4540 :
1197 4491 1280 4556 sequi,
1293 4490 1397 4556 supere,
1412 4492 1506 4554 occidi,
1519 4495 1587 4557 copi,
1596 4515 1623 4530 -

348 4576 476 4636 postremo
496 4568 598 4628 aurata,
612 4581 662 4632 qaeu
677 4565 746 4617 risus
765 4569 833 4626 erat,
846 4567 985 4616 constrata
1009 4564 1074 4624 tetis,
1091 4569 1154 4624 etc.;
1174 4561 1207 4613 et.
1224 4561 1286 4614 Tac.
1309 4561 1400 4626 agric.
1427 4565 1474 4613 at:
1492 4567 1548 4616 tam
1562 4577 1622 4616 uero

303 4703 307 4716 ,
347 4649 502 4715 patentibus
511 4648 575 4700 locis
585 4647 688 4712 prande
700 4651 725 4697 et
738 4649 823 4698 atron
837 4643 1036 4710 spectaculum:
1047 4645 1130 4706 sequi,
1140 4643 1297 4706 uulnerare,
1310 4656 1416 4707 cupere,
1431 4644 1622 4707 utqaeeosdenr-

320 4793 324 4802 ·
348 4729 446 4782 oblatis
456 4728 517 4780 aliis
530 4729 679 4780 trucidare.
