3534 5720
846 426 1071 484 --llll-

331 571 357 636 si
373 570 583 658 descriptivns
602 591 729 657 qnoque
749 583 841 649 esset,
865 573 1003 658 prolecto
1024 573 1055 640 iu
1078 574 1153 641 locis
1169 574 1362 661 quibusdam
1381 585 1469 642 extra
1489 596 1611 642 narra-

333 679 450 744 tionem
465 679 616 744 adhibitis
634 677 843 756 inveniretur,
861 678 946 765 qnod
966 681 1097 747 omnino
1113 702 1278 768 nunquam
1293 683 1410 748 evenit.

377 786 411 852 3⁰
435 786 532 874 lofin.
558 783 674 852 histor.
701 785 787 852 ratio
811 796 843 851 et
865 783 1024 875 definitio.
1047 826 1089 837 -
1113 789 1218 867 Quum
1246 788 1391 854 notiones
1408 789 1477 856 sine
1492 787 1626 856 defini.

334 893 418 958 tione
435 891 584 984 temporis
612 892 823 979 (infinitivum
848 903 953 959 autern
973 893 1120 960 universe
1144 895 1231 990 uerbi
1258 895 1418 961 notionem
1441 897 1612 982 exprimit,

333 1000 473 1066 detracta
499 1001 651 1086 temporis
680 999 884 1086 cogitatione)
908 1009 1032 1066 tantum
1052 1001 1132 1067 alias
1159 1003 1333 1088 postellus
1361 1004 1521 1090 ponimus,
1550 1003 1615 1068 hac

332 1107 564 1172 constructione
585 1107 746 1172 iudicatur
759 1093 815 1172 eas¹
827 1126 891 1172 non
908 1116 1059 1192 tanquam
1075 1093 1155 1174 alias
1167 1107 1259 1196 juxta
1273 1107 1366 1187 alias,
1384 1109 1437 1174 sed
1455 1119 1617 1196 tanquam

335 1214 415 1280 alias
434 1224 505 1299 post
520 1213 601 1280 alias
614 1207 652 1279 ‘in
670 1224 810 1298 tempore
830 1233 896 1278 sese
916 1213 1115 1280 ostendentes
1137 1197 1361 1300 intelligendas
1386 1235 1464 1281 csse.
1487 1217 1517 1281 Si
1537 1228 1619 1282 tau-

335 1337 434 1406 quam¹
447 1320 520 1386 aliae
539 1331 608 1405 post
632 1320 713 1386 alias
728 1318 929 1386 succedentes
945 1319 1136 1400 afferuntur,
1159 1307 1310 1408 temporis
1331 1323 1497 1407 particulae
1510 1324 1620 1390 solitae

336 1427 524 1493 adhihendae
538 1438 628 1505 sunt3
645 1427 694 1492 sin
720 1441 793 1492 vero
809 1437 962 1512 tanquam
977 1427 1050 1492 'aliae
1061 1427 1154 1513 juxta
1170 1427 1250 1492 alias
1273 1425 1304 1492 se
1334 1428 1547 1507 ostendentes,
1567 1431 1622 1496 in·

335 1534 478 1601 finitivus
502 1534 672 1600 historicus
691 1546 834 1619 apparet.
857 1533 909 1600 Sic
926 1533 1018 1620 juxta
1042 1534 1151 1620 positis
1173 1534 1370 1622 notionibus,
1393 1537 1617 1602 omnessimul

336 1641 436 1706 oculis
462 1641 586 1706 lectoris
606 1650 787 1706 occurrunt.
807 1639 1078 1720 Quemadmodum
1096 1641 1197 1724 pictor
1212 1640 1295 1705 lacta
1315 1641 1461 1738 quadam
1476 1641 1617 1710 definito

337 1748 485 1832 temporis
501 1757 657 1813 momento
674 1747 705 1812 in
724 1748 832 1812 tabula
854 1747 1003 1832 penicillo
1026 1745 1160 1832 altingit,
1180 1767 1215 1813 ac
1234 1747 1409 1834 subjectum
1435 1759 1560 1815 tantum
1577 1773 1620 1817 ac

338 1855 499 1920 notionem
523 1856 670 1920 universe
701 1863 881 1940 expressam
902 1855 1098 1932 consociam,
1125 1837 1292 1939 spectatori
1318 1849 1397 1939 quid
1419 1841 1450 1921 in
1468 1857 1618 1924 haecum

340 1962 395 2027 illo
410 1972 656 2027 consentaneum
669 1961 710 2026 sit
727 1959 980 2045 perspiciendum
997 1949 1167 2046 relinquit;
1181 1961 1225 2026 sic
1239 1961 1446 2050 historiarum
1462 1963 1618 2048 scriptor,

339 2087 402 2133 non
418 2067 548 2134 definito
565 2068 714 2153 temporis
729 2075 902 2142 momento,
925 2066 1083 2131 notionem
1100 2055 1319 2133 factitantem
1336 2067 1475 2155 subjecto
1497 2069 1620 2156 adjun-

339 2175 395 2259 git,
414 2193 469 2239 nec
483 2193 554 2260 quae
570 2175 651 2239 ratio
667 2174 792 2238 intersit
807 2171 947 2239 indicare
964 2183 1073 2238 tentat.
1094 2173 1141 2238 lta
1156 2173 1352 2240 celeritatem
1368 2186 1398 2240 et
1414 2175 1619 2242 alacritatem

340 2281 477 2347 orationi
494 2280 623 2366 adjungi
640 2281 679 2346 ah
695 2281 842 2346 omnibns
859 2279 950 2344 lacile
968 2280 1174 2365 intelligetur.
1192 2269 1310 2345 Eodem
1327 2273 1471 2366 spectant
1483 2283 1620 2349 nomina

340 2409 411 2474 quae
426 2407 498 2453 cum
514 2387 698 2472 praedicato,
717 2386 863 2471 adjectivi
881 2387 927 2451 vel
946 2385 1105 2472 participii
1123 2387 1225 2452 lerina
1238 2407 1397 2470 expresso,
1415 2387 1483 2453 sine
1498 2391 1620 2476 copula

336 2495 535 2581 junguntur3
551 2513 622 2579 quae
636 2493 766 2580 quidem
785 2491 870 2578 apud
892 2492 1080 2558 Sallustium
1105 2487 1274 2558 infinitivis
1291 2491 1450 2560 historicis
1466 2494 1619 2580 permixti

343 2611 524 2666 occurrunt.
546 2601 594 2666 Cl.
613 2602 684 2686 lug.
708 2600 763 2675 38,
784 2601 819 2664 5;
837 2597 958 2664 milites
971 2598 1126 2676 Romani,
1140 2597 1285 2688 perettlst'
1303 2599 1449 2665 tumultu
1467 2600 1616 2694 insolito,

341 2729 437 2774 armo
459 2727 575 2793 capere
598 2705 670 2787 atti,
692 2705 754 2772 clii
766 2728 800 2772 sc
815 2703 947 2781 obdere,
961 2727 1042 2794 pars
1063 2706 1191 2772 territos
1205 2703 1424 2794 vcorafir·rracrc;
1448 2707 1620 2800 trepidare

342 2812 491 2880 cmrtibrts
506 2811 601 2878 locis:
620 2811 667 2878 vis
684 2833 799 2898 magna
813 2811 970 2891 hostium,
991 2811 1109 2877 coelum
1126 2816 1217 2878 horte
1232 2821 1333 2900 atque
1346 2811 1489 2878 racidibus
1500 2815 1620 2880 ohscu-

342 2935 458 2998 ratnm,
471 2918 659 3008 periculum
676 2940 808 3006 anceps3
825 2921 866 2985 ol.
889 2920 984 2984 etiam
1000 2920 1071 3003 Jog.
1090 2921 1145 2999 et,
1169 2921 1204 2999 l;
1226 2920 1281 2998 58,
1306 2921 1342 2999 23
1363 2911 1437 3000 tol,
1450 2921 1518 3012 ¹ll;
1539 2922 1618 3002 l05,

342 3032 374 3108 l,
392 3038 451 3094 etc.
473 3029 548 3094 Sine
563 3027 730 3093 infinitivis
747 3050 753 3092 :
772 3027 841 3093 Cat.
865 3027 919 3104 lh,
944 3028 976 3104 5,
995 3025 1098 3113 t‘pitur
1118 3021 1204 3092 colos
1218 3028 1400 3112 exsanguis,
1418 3027 1493 3092 foedi
1515 3028 1618 3108 oculi,

342 3137 423 3201 citus
437 3131 547 3210 mode,
568 3131 666 3200 modo
683 3133 793 3198 tardus
812 3132 968 3220 incessum
983 3123 1120 3222 prorsus
1141 3132 1175 3198 r'n
1186 3131 1276 3220 socie
1290 3130 1446 3220 uoltuque
1461 3133 1618 3200 vecordia

342 3241 465 3318 ineram
478 3240 518 3306 cf.
540 3242 611 3328 lug.
633 3241 688 3319 99,
706 3242 738 3319 l,
755 3250 814 3306 etc.
1242 3245 1244 3254 ⁴

386 3351 542 3415 Praeterea
558 3347 748 3426 infinitivus,
761 3368 860 3434 quum
872 3345 1034 3412 notionem
1046 3347 1180 3412 actionis
1194 3347 1340 3412 universe
1357 3347 1485 3426 indicet,
1500 3349 1619 3415 lactum

346 3473 443 3522 onum
461 3465 583 3519 tantum
598 3455 794 3540 exprimatur
808 3474 871 3520 non
887 3473 1012 3520 necesse
1031 3462 1095 3531 est3
1118 3452 1259 3518 eamdem
1280 3472 1353 3518 vero
1374 3453 1531 3520 actionem
1548 3466 1620 3522 tau—

344 3582 441 3648 quam
461 3559 594 3626 dlversis
610 3563 687 3626 locis
712 3562 807 3627 simul
829 3582 848 3626 a
872 3561 968 3653 variis
990 3559 1330 3647 personis'perle'ctam,
1348 3580 1483 3646 eamque
1506 3562 1620 3626 multi-

345 3667 509 3754 plicatam,
536 3668 579 3734 ita
600 3679 634 3734 ut
648 3669 751 3734 ‘variae
777 3668 846 3755 ejus
873 3661 979 3753 partes
1002 3667 1067 3733 alia
1096 3687 1152 3755 per
1183 3666 1280 3732 aliam
1308 3667 1457 3746 immissae
1485 3667 1619 3734 invicem

345 3774 525 3851 succedant,
548 3773 639 3840 nohis
652 3775 759 3840 animo
775 3773 892 3862 fingere
904 3793 1083 3859 possumus.
1102 3775 1295 3839 Historionm
1310 3773 1407 3859 igitur
1423 3763 1620 3840 infinitivum

345 3902 408 3949 non
420 3875 646 3948 continuatam
663 3901 697 3948 ae
714 3880 948 3968 procedentem,
970 3880 1023 3947 sed
1047 3901 1172 3967 semper
1192 3889 1374 3946 renovatam
1391 3901 1426 3946 ac
1450 3879 1555 3946 denuo
1573 3902 1620 3949 re·

345 3991 477 4076 petitam
502 3990 656 4055 actionem
681 3989 850 4077 exprimit;
873 4009 907 4054 ac
931 3987 1098 4054 deficiente
1113 3986 1264 4073 temporis
1285 3987 1419 4065 ratione,
1447 3987 1535 4053 notio
1557 3988 1620 4053 alia

346 4097 443 4163 aliam
462 4096 640 4183 excipitnel
657 4097 762 4181 potios
778 4095 833 4162 alii
861 4096 1046 4180 apponitur,
1069 4114 1241 4180 omnesque
1263 4094 1358 4160 simul
1372 4093 1465 4182 juxta
1484 4095 1618 4160 colloca·

346 4217 392 4270 tas
408 4224 472 4270 uno
488 4203 662 4288 eodemque
681 4212 821 4289 tempore
836 4203 1008 4269 subsistere
1022 4222 1112 4288 posse
1127 4221 1252 4268 necesse
1269 4212 1326 4267 est.

388 4311 579 4394 Nuncvero,
596 4319 631 4374 ut
646 4310 784 4392 breviter
799 4330 917 4397 eaquae
930 4330 1027 4396 snpra
1038 4309 1196 4395 explicata
1209 4319 1285 4375 sunt
1298 4307 1617 4394 comprehendamus,

346 4417 407 4483 tria
423 4416 463 4483 ad
478 4417 619 4483 historici
638 4408 788 4482 infrhitivi
806 4419 961 4482 rationem
982 4415 1223 4502 intelligendam
1249 4415 1408 4501 praecipue
1421 4415 1619 4480 observanda

345 4535 420 4590 sunt
435 4545 453 4588 ε·
465 4523 627 4613 primum,
651 4540 810 4609 nusquam
837 4523 897 4588 nisi
924 4523 955 4590 in
975 4523 1160 4588 narratione
1188 4522 1359 4608 reperitur,
1382 4521 1517 4606 ideoque
1540 4541 1619 4587 nnn·

345 4652 442 4722 qnam
458 4631 696 4718 praesentisqut
713 4621 858 4710 lutura,
873 4630 926 4696 sed
950 4621 1075 4716 semper
1097 4631 1268 4716 praeterita
1299 4627 1431 4694 actionis
1457 4627 1618 4694 notionem

346 4741 453 4818 allert3
475 4730 662 4824 deindeper
685 4738 743 4805 hoc
763 4737 1045 4804 infinitivum‘hon
1067 4738 1159 4824 Juxta
1178 4735 1324 4821 sed'post
1348 4735 1465 4821 positae
1477 4733 1617 4800 actiones
1705 4757 1708 4764 ’
