3666 5724
896 477 1074 534 ..70-

388 627 577 690 Paucavero
593 633 715 689 exstant
730 623 886 708 exempla,
903 643 975 708 qum
994 622 1111 706 regulae
1126 641 1224 704 supra
1241 617 1352 705 positae
1367 637 1546 704 repugnare
1565 620 1619 683 vi-

346 732 461 796 dentur
477 755 484 796 :
503 732 570 798 Cat.
590 731 644 805 37,
660 731 694 806 6,
712 727 835 794 Deinde
852 727 952 795 multi
967 749 1126 794 memores
1139 724 1288 792 Sullanae
1305 725 1461 806 uictoriae,
1483 723 1617 812 qnod...

345 836 501 903 uidebant
503 888 571 915 .....
589 836 652 902 sibi
662 835 811 924 quisquo,
828 834 857 902 si
870 835 905 900 in
919 835 1022 901 ormis
1034 834 1134 922 foret,
1155 855 1195 898 ea
1212 832 1348 898 victorio
1360 831 1442 898 tolio
1451 823 1627 920 sperabat,

347 946 401 1012 ubi
422 966 479 1030 per
493 943 716 1010 anacoluthon
731 943 906 1031 quoddam,
926 955 1056 1030 propter
1072 942 1205 1007 nimiam
1224 941 1312 1006 verbi
1330 961 1348 1006 a
1363 941 1504 1026 subjecto
1524 938 1626 1004 malti

346 1053 604 1139 disjunctionem,
632 1051 672 1117 ad
698 1053 830 1139 propius
856 1069 1029 1136 pronomen
1054 1048 1192 1137 quisque
1214 1049 1350 1114 relatum
1376 1058 1422 1113 est
1439 1047 1570 1113 verbum
1586 1067 1623 1111 ac

347 1158 502 1244 singulari
520 1177 654 1224 numero
670 1155 810 1242 positum
827 1158 849 1222 ¹.
868 1157 986 1224 Eadem
1000 1157 1170 1242 explicatio
1187 1156 1325 1241 pertinet
1340 1155 1380 1220 ad
1394 1155 1473 1218 tttst.
1498 1173 1542 1230 ur,
1564 1153 1621 1230 22,

349 1265 394 1332 Hi
412 1264 559 1330 locorum
576 1264 740 1354 perprtori
752 1275 782 1329 et
796 1263 886 1330 soliti
905 1275 1030 1329 nectere
1044 1283 1085 1328 oc
1105 1261 1281 1327 viminibus
1298 1263 1379 1326 adso
1403 1259 1559 1348 agrestio,
1577 1258 1627 1324 ibi

347 1384 430 1452 tnm,
457 1369 548 1460 qnod
570 1371 684 1460 inopie
705 1383 873 1437 scottorum
892 1371 1019 1460 sacret,
1045 1375 1084 1435 eo
1108 1380 1178 1460 orte
1200 1377 1240 1434 se‘
1254 1367 1392 1456 quisque
1413 1368 1452 1432 'in
1474 1367 1625 1455 formum

343 1500 473 1567 permar
496 1477 653 1566 equestris
678 1477 843 1544 armabat.
866 1480 911 1544 De
935 1479 1001 1543 loco
1026 1487 1132 1542 autem
1157 1478 1227 1562 lug.
1254 1477 1308 1554 53,
1334 1477 1355 1541 8
1380 1473 1514 1561 (milites
1537 1472 1626 1539 olins

347 1584 454 1651 olium
469 1583 536 1650 laeli
550 1583 733 1674 appellant,
755 1595 830 1650 octo
850 1583 1097 1670 edocent‘utque
1111 1580 1266 1659 audiunt,
1287 1603 1349 1648 suo
1366 1581 1504 1669 quisque
1518 1579 1626 1668 sortia

345 1693 440 1780 forto
459 1690 506 1757 od
522 1689 641 1758 eoelum
652 1692 750 1780 sert),
765 1691 974 1758 Anscbuetzio
992 1691 1038 1777 (p.
1056 1690 1113 1775 ΞΟ)
1131 1690 1410 1756 etbadstuebnera
1427 1689 1474 1774 (p.
1492 1688 1525 1764 8,
1540 1687 1624 1773 not.)
1689 1671 1693 1676 ¹

349 1820 413 1866 non
429 1800 596 1877 assentior,
612 1799 667 1885 qui
684 1819 756 1864 eum
775 1799 850 1864 locis
863 1819 961 1884 supra
976 1797 1112 1863 laudatis
1124 1787 1274 1883 jungunt.
1293 1797 1350 1862 Hic
1366 1795 1451 1862 enim
1467 1815 1532 1860 non
1546 1793 1626 1860 adeo

350 1909 443 1994 longo
461 1907 629 1972 intervallo
645 1905 777 1972 verbum
790 1907 860 1994 fert
872 1927 890 1972 a
901 1905 1040 1991 subjecto
1053 1903 1172 1991 plurali
1184 1923 1317 1969 numero
1330 1904 1432 1990 posito
1443 1913 1624 1989 separatur,

348 2023 379 2080 et
394 2014 426 2078 in
444 2015 545 2099 prima
561 2012 691 2100 quidem
713 2012 832 2097 periodi
851 2023 939 2098 parte
955 2013 1065 2097 regula
1082 2011 1248 2077 observata
1260 2021 1317 2089 est,
1336 2010 1404 2090 ubi,
1421 2029 1485 2075 non
1501 2010 1628 2074 obstan·

348 2120 433 2186 tibas
453 2120 695 2205 pronominibus
711 2117 799 2184 olias
818 2117 937 2196 oliam,
960 2119 1079 2203 plurali
1101 2137 1233 2184 numero
1256 2105 1388 2202 ponitur
1411 2117 1546 2182 verbum
1562 2135 1626 2202 op-

347 2215 485 2316 pellant.
504 2225 564 2292 Sed
581 2227 728 2292 ultimum
744 2225 946 2292 enuntiatum
961 2233 1037 2311 puto
1053 2235 1203 2310 tanquam
1219 2225 1349 2290 omnino
1363 2223 1558 2308 disjunctum
1573 2223 1628 2286 hu·

355 2333 494 2400 bendum
511 2353 589 2410 esse,
607 2334 691 2419 quod
703 2353 765 2398 non
781 2332 1084 2410 mirumvidebitur,
1101 2333 1124 2397 si
1141 2332 1328 2417 cogitaveris
1344 2340 1444 2396 totum
1461 2328 1628 2415 periodum

351 2461 388 2506 ex
409 2439 550 2526 praecisis
571 2460 607 2506 ac
626 2439 793 2526 disjunctis
815 2438 989 2505 enuntiatis
1010 2449 1166 2504 constare.
1192 2437 1278 2504 Nihil
1303 2436 1401 2523 igitur
1422 2437 1461 2502 ad
1484 2430 1628 2520 regulam

348 2567 446 2633 supra
462 2545 597 2632 positam
612 2548 770 2632 pertinere
792 2555 903 2631 potest.
923 2543 962 2611 tt
981 2539 1068 2610 locus
1083 2545 1164 2610 llis‘t.
1189 2547 1235 2620 ni,
1260 2544 1315 2621 87,
1333 2555 1371 2608 nt
1384 2542 1542 2609 sustinere
1556 2563 1626 2606 cor·
1737 2565 1740 2573 ⁴

342 2651 592 2742 poropleriqtte
606 2665 806 2740 nequeuntes
824 2674 922 2718 ormo
941 2673 1003 2718 sno
1023 2652 1162 2740 quisque
1175 2663 1265 2718 stans
1285 2649 1499 2720 incumberet.
1518 2669 1627 2715 veram

353 2761 571 2847 exceptionem
591 2760 703 2826 afferre
722 2759 862 2825 videtur.
1086 2768 1090 2778 '
1189 2765 1191 2769 “
1442 2763 1444 2770 ’
1487 2755 1490 2761 “

396 2868 559 2934 Nonnulla
574 2867 752 2933 afferuntur
764 2865 926 2932 Ciceronis
939 2865 1115 2932 aliorumve
1131 2865 1289 2951 exempla,
1312 2865 1430 2949 quibus
1450 2874 1561 2929 contra
1575 2881 1627 2928 re-

353 2976 461 3060 gulam
475 2984 615 3040 nostram
631 2973 786 3059 singulari
799 2992 930 3038 numero
943 2973 1074 3038 verbum
1087 2983 1237 3058 ponatur,
1251 2981 1286 3037 ut
1300 2973 1366 3038 Cic.
1380 2973 1418 3036 de
1430 2971 1510 3038 offic.
1529 2992 1552 3047 1,
1570 2970 1624 3055 ll.

353 3079 496 3148 Pietores
524 3083 556 3146 ot
579 3092 805 3168 poetastrum
835 3077 973 3167 quisque
999 3099 1081 3168 opus
1118 3101 1139 3144 o
1162 3077 1261 3164 ottho
1294 3075 1497 3144 coacciderori
1529 3074 1601 3142 onlt
1616 3097 1626 3155 3

352 3191 443 3254 Brut.
461 3189 516 3265 55,
536 3186 597 3252 His
613 3184 799 3251 oratoribus
813 3183 886 3252 duee
899 3207 950 3250 res
961 3185 1118 3252 monime
1137 3185 1244 3252 allero
1258 3184 1355 3250 alteri
1366 3182 1490 3273 dosuit;
1513 3185 1630 3250 Sueto-

357 3295 441 3372 nius,
463 3292 625 3359 Domnoti
638 3313 751 3358 omnes
765 3290 852 3358 olins
864 3290 930 3357 olio
945 3299 1024 3358 coca
1035 3290 1148 3381 periit,
1166 3292 1283 3379 quibus
1301 3292 1375 3357 locis
1392 3291 1529 3376 aliisque
1545 3289 1630 3356 simi·

357 3401 440 3468 libus
457 3399 614 3486 oppositio
630 3411 685 3465 aut
700 3400 859 3485 separatio
873 3397 1018 3484 quaedam
1034 3399 1214 3465 accuratius
1229 3399 1421 3464 declaratur.
1440 3397 1502 3464 Sed
1518 3397 1629 3482 utique

358 3509 461 3574 rarior
475 3518 522 3574 est
540 3508 596 3573 illa
615 3509 824 3585 constructio,
840 3507 1015 3592 prasertim
1034 3505 1119 3590 apud
1140 3506 1330 3596 Sallustium
1349 3515 1381 3570 ot
1395 3503 1532 3571 Livium.
1547 3503 1629 3571 Vide

354 3637 425 3702 qum
447 3615 480 3680 L.
509 3615 654 3680 Kiihnast
670 3613 742 3699 (Die
761 3605 990 3700 Hauptpuukte
1009 3611 1066 3678 der
1085 3611 1306 3678 Livianisoheu
1331 3612 1462 3698 Syntax)
1485 3612 1631 3696 exempla

355 3720 551 3806 congessit.¹

397 3829 431 3893 2⁰
459 3829 616 3901 Uacunae.
634 3862 678 3877 -
697 3823 906 3893 ‹'Pronomen
922 3837 1072 3913 aterque,
1090 3825 1134 3890 ait
1154 3821 1354 3892 Badstiibner
1377 3814 1450 3912 (loc.
1469 3825 1522 3890 cit.
1541 3845 1572 3910 p.
1593 3825 1627 3902 8,

354 3933 511 4019 not.),oui
524 3933 608 4019 apud
624 3933 781 4000 Caesarem
797 3933 850 4020 (de
864 3934 1015 4000 bellociv.
1039 3933 1070 4011 3,
1082 3932 1138 4019 30)
1149 3917 1306 4018 aliosque,
1318 3931 1627 4018 imprimisLivium‚

277 4110 279 4114 ,
355 4059 583 4127 nonnunquam
604 4059 755 4108 numerus
770 4040 906 4125 pluralis
924 4039 1136 4116 subnectitur,
1153 4057 1319 4124 nunquam
1336 4039 1421 4124 apud
1442 4037 1631 4104 Sallustium

355 4167 427 4213 cum
443 4146 561 4233 plurali
579 4147 726 4233 junctum
740 4147 891 4232 reperies,
914 4158 1042 4232 excepto
1055 4127 1186 4212 fortasse
1199 4147 1265 4212 Cat.
1284 4147 1338 4238 49³
1356 4147 1389 4223 2,
1407 4156 1542 4232 uterque
1555 4167 1631 4210 cum

357 4251 414 4319 illo
429 4275 545 4340 proves
561 4251 752 4321 inimicitias
766 4252 972 4332 exercebant,
997 4253 1051 4320 ubi
1075 4253 1225 4320 lectiones
1241 4255 1376 4319 variant.
1400 4281 1411 4313 ι
1430 4253 1470 4320 At
1485 4253 1535 4318 hio
1550 4271 1632 4338 quo-

357 4380 421 4445 que
438 4360 564 4446 agnosci
581 4370 682 4446 potest
697 4371 772 4427 tunc
788 4362 962 4447 praesertim
981 4361 1178 4448 singularem
1199 4379 1368 4427 numerum
1385 4359 1542 4436 adbiberi,
1559 4378 1631 4424 cum

361 4467 433 4532 oua
447 4486 590 4551 personae
605 4476 660 4533 aut
675 4468 746 4535 duae
762 4489 811 4534 res
828 4488 889 4534 non
906 4489 982 4546 una,
1006 4469 1060 4534 sed
1076 4468 1249 4554 separatim
1264 4479 1391 4553 agentes
1407 4477 1462 4532 aut
1478 4467 1632 4552 patientes

357 4571 480 4659 aliquid
496 4572 689 4640 inducantur
712 4597 719 4639 :
741 4575 808 4640 Cat.
829 4577 859 4654 l,
877 4576 910 4652 7,
929 4575 976 4640 ito
992 4588 1180 4662 tetramque,
1199 4576 1234 4660 (i.
1258 4595 1286 4640 e.
1313 4572 1479 4640 consedere
1498 4611 1539 4622 —
1556 4582 1634 4659 post
1718 4624 1721 4628 .

357 4677 628 4746 consultationem
637 4693 767 4746 motare
776 4679 942 4770 incipere),
951 4697 1013 4771 per
1026 4704 1060 4748 se
1075 4679 1224 4770 indigens
1233 4679 1374 4748 alterum
1387 4678 1524 4746 alterius
1537 4677 1633 4744 otcari-

392 4815 414 4862 l.
429 4811 617 4867 Badstuabner,
632 4827 658 4876 p.
674 4816 698 4873 8,
715 4819 767 4864 not.
