3576 5724
946 421 1144 481 -968-

401 567 455 642 18,
466 577 632 654 postremo
651 564 843 632 Massinissa
860 586 919 631 aas
938 564 986 632 ita
1003 566 1157 646 instituit,
1178 585 1314 654 nequem
1338 565 1518 632 coleremus
1537 566 1593 632 nisi
1607 587 1664 654 po-

391 671 517 762 pulum
531 675 736 752 Romouum;
753 711 795 722 -
815 693 911 738 nemo
925 709 971 724 -·
984 672 1051 738 nisi
1070 674 1209 758 (inverso
1224 673 1364 759 ordine),
1381 675 1454 739 'Cat
1479 673 1531 752 13,
1551 674 1581 752 1,
1592 695 1664 738 ηαηι

400 777 483 868 quid
496 801 534 844 ee
546 801 723 844 memorem
739 799 812 867 que
828 780 888 845 nisi
903 779 1017 867 eisqui
1030 778 1139 845 videre
1147 781 1266 846 nemini
1278 778 1450 846 eredibilia
1463 783 1564 846 suat?
1579 781 1665 846 Simi-

351 877 353 882 ’
402 887 440 952 lis
453 886 589 951 inversio
605 886 744 950 notanda
760 906 910 951 cumiano
926 925 968 934 -
983 885 1059 965 nisi,
1074 889 1144 972 ing.
1159 889 1214 965 51,
1225 888 1256 962 5,
1273 885 1393 952 bellam
1405 885 1571 967 renovari,
1585 885 1668 974 qaod

398 991 465 1058 uisi
483 1014 523 1058 eo
548 991 636 1058 illius
661 990 807 1057 lubidine
820 991 894 1080 yesi
911 1013 978 1057 iton
988 1005 1108 1080 posset.
1127 1031 1172 1043 -
1184 995 1297 1079 Neque
1314 1029 1360 1044 -·
1373 993 1439 1058 nisi
1456 1015 1464 1058 :
1481 994 1553 1078 Jug.
1576 994 1626 1068 13,
1648 995 1666 1057 5

403 1100 520 1186 (aeque
535 1119 675 1186 nsquam
689 1135 734 1148 -
747 1098 844 1184 aise);
861 1099 964 1177 61,1;
985 1099 1066 1165 Hist.
1086 1121 1109 1178 ι,
1124 1101 1178 1177 te,
1197 1101 1237 1165 15
1254 1102 1371 1186 (oeque
1385 1098 1561 1188 quisquam
1576 1097 1664 1183 nisi);

398 1226 442 1286 ιιι,
461 1207 586 1284 8919.
1377 1216 1381 1222 '
1763 1267 1764 1278 .

442 1311 517 1380 Nisi
531 1322 720 1399 propraetor
735 1312 870 1396 positum
885 1311 1010 1377 videtur
1022 1314 1092 1398 ing.
1113 1313 1167 1392 17,
1186 1313 1219 1388 6,
1231 1310 1405 1401 plerosque
1425 1311 1433 1348 ¹
1451 1324 1596 1378 senectus
1608 1309 1666 1377 dis·
1763 1297 1764 1304 ¹

397 1416 505 1498 solvit,
521 1417 587 1484 aisi
601 1418 661 1505 qai
674 1419 843 1506 ferroum
857 1416 965 1483 hestiis
980 1417 1148 1496 interiora
1166 1420 1220 1497 71,
1243 1419 1276 1497 3,
1295 1416 1445 1484 omnium
1460 1417 1666 1484 custodiarum

398 1525 464 1590 nesi
476 1523 658 1590 novissumi
665 1524 833 1612 particeps
844 1547 852 1603 ;
865 1525 916 1611 (ei.
931 1525 985 1602 75,
997 1525 1050 1609 3);
1064 1525 1143 1590 Hist.
1158 1545 1193 1603 ιι,
1210 1525 1270 1602 85;
1286 1526 1486 1610 pauioaiiter
1500 1526 1578 1592 Hist.
1597 1547 1618 1600 ι,
1634 1525 1664 1600 9,
1763 1521 1764 1564 ³

398 1630 490 1702 omiti
505 1629 618 1698 Gellio
642 1630 687 1695 eis
700 1629 851 1697 Rhenum
869 1642 969 1718 etque
989 1631 1073 1696 inter
1087 1651 1180 1696 more
1199 1643 1347 1696 nostrum
1363 1644 1394 1697 et
1411 1635 1591 1712 Oceanum,
1607 1630 1668 1696 nisi

398 1758 470 1826 quae
486 1759 507 1802 α
517 1733 700 1826 poliadibns
715 1735 805 1802 inuio
817 1736 896 1825 soit.
1140 1739 1143 1743 ’

440 1843 515 1914 Nisi
527 1841 626 1931 qnod,
648 1843 1075 1929 restrictivasignificatione,
1092 1846 1163 1930 Jug.
1186 1845 1241 1922 89,
1259 1844 1298 1922 6;
1316 1845 1372 1923 95,
1389 1844 1426 1924 3;
1444 1881 1485 1893 -
1499 1841 1565 1910 nisi
1576 1842 1664 1930 quio,

397 1950 506 2016 eodem
521 1970 628 2029 seusu,
646 1951 727 2016 Hist.
745 1971 793 2030 ιιι,
809 1951 864 2027 82,
883 1952 915 2016 6.

442 2054 541 2137 Quod
556 2055 586 2121 si
604 2057 679 2122 satis
697 2058 844 2142 frequens
866 2059 947 2141 (Cat.
965 2059 998 2134 2,
1020 2057 1056 2132 3;
1076 2057 1129 2135 11,
1153 2059 1192 2136 [ι;
1210 2057 1264 2132 39,
1282 2058 1319 2135 1;
1337 2057 1392 2130 58,
1409 2057 1446 2121 et
1461 2080 1468 2131 ;
1485 2058 1556 2141 Jug.
1578 2057 1610 2136 1,
1626 2057 1659 2133 5,

396 2163 451 2237 tt,
470 2165 529 2244 16;
545 2164 600 2242 85,
625 2165 699 2248 17);
716 2161 867 2250 quodni,
882 2164 951 2229 Cat.
975 2163 1028 2240 18,
1047 2164 1079 2230 8.

440 2271 476 2336 Ε.
503 2305 547 2320 -
571 2267 775 2336 Conditioais
798 2270 975 2335 enunciata
1000 2291 1072 2357 quse
1086 2275 1232 2354 formem
1246 2251 1500 2335 conditionatum
1522 2289 1588 2334 aaa
1607 2267 1662 2334 to·
1763 2249 1764 2310 i

397 2374 482 2441 dent.

442 2485 484 2548 Ut
496 2504 550 2563 ne,
566 2494 604 2548 ot
615 2503 693 2561 noaz,
709 2493 748 2548 ut
761 2502 812 2560 ae,
838 2481 1054 2550 conditionem
1074 2492 1216 2568 optatam
1240 2481 1429 2559 indicantia,
1447 2479 1534 2567 opud
1550 2481 1661 2546 Sallus·

395 2591 476 2656 tium
491 2588 617 2655 desunt.
634 2576 749 2655 -Has
764 2599 889 2655 tentum
904 2589 1090 2675 particulos,
1112 2588 1312 2674 conjunctivo
1326 2607 1499 2674 semperea
1511 2587 1661 2674 signifiea—
1738 2585 1741 2594 '

396 2696 481 2762 tione
497 2697 819 2781 positosusurpavit:

438 2804 525 2867 Dum
537 2802 1169 2891 (:geilieepoarvaque)oeeurritsatis
1183 2823 1267 2881 raso,
1283 2801 1351 2868 Cat.
1370 2803 1402 2876 5,
1419 2801 1456 2877 6;
1481 2802 1535 2880 11,
1552 2800 1589 2879 6;
1610 2800 1660 2874 16,

395 2911 427 2990 lu,
445 2909 563 2994 quibus
578 2909 724 2975 omnibus
745 2911 821 2975 loeis
840 2911 943 2976 oratio
959 2910 1114 2975 indirecta
1137 2921 1199 2986 est;
1223 2918 1254 2974 at
1268 2908 1506 2993 conjunctivum
1529 2921 1601 2974 tuno
1614 2925 1662 2970 so-

394 3016 461 3080 lum
486 3001 629 3080 adhiberi
654 3036 745 3101 posse
772 3026 906 3094 constat,
933 3016 1032 3082 etiam
1053 3017 1085 3082 iu
1117 3027 1202 3081 reeta
1228 3015 1389 3094 oratioue3
1414 3015 1494 3080 Hist.
1521 3014 1582 3080 ino.
1608 3013 1661 3088 65,
1762 3051 1763 3092 ;

394 3121 584 3208 primarium
603 3121 690 3187 deest
709 3123 925 3188 enunciatum.
945 3158 990 3172 -
1018 3119 1115 3203 Quod
1138 3119 1249 3201 modo,
1275 3122 1445 3188 relativum
1473 3119 1662 3187 conditionis

393 3228 599 3294 enuntiatum
629 3227 802 3294 introducit
828 3229 897 3294 Cat.
924 3229 979 3307 39,
1006 3232 1026 3293 6
1050 3241 1081 3295 et
1104 3231 1175 3314 Jug.
1210 3229 1264 3301 61,
1296 3230 1329 3307 5,
1353 3249 1459 3315 aeque
1478 3227 1570 3315 secto
1598 3223 1662 3290 allo

392 3355 496 3423 neque
518 3333 603 3400 dicto
622 3334 795 3413 obstiaere
811 3331 902 3422 quod
918 3332 1015 3399 modo
1032 3332 1243 3400 ambitiosum
1255 3333 1355 3422 foret.
1373 3371 1417 3386 -
1435 3331 1548 3412 Modo,
1569 3330 1661 3398 dum·

393 3439 490 3506 modo
505 3461 664 3528 nusquam
679 3441 798 3508 inveni.

999 3617 1050 3685 Vl.

844 3768 1002 3822 Euuueiatu
1020 3768 1220 3822 concessionis.

436 3915 474 3978 A.
501 3948 545 3963 -
566 3909 758 3979 Concessioo
774 3911 950 3978 estensium
970 3909 1056 3996 atiud
1076 3910 1265 3976 Sallustium
1288 3931 1342 3997 per
1365 3909 1422 3975 has
1438 3909 1611 3995 particulas
1629 3907 1657 3970 in

392 4019 566 4084 ouationem
585 4018 800 4085 inducuntur:

436 4124 590 4205 Etiamsi,
610 4126 663 4211 qui
689 4125 817 4190 modurn
827 4124 1093 4191 conditionalium
1112 4123 1357 4189 enuntiatorum
1373 4123 1489 4188 habere
1508 4121 1598 4199 solet,
1616 4121 1658 4184 bis

391 4240 514 4297 tuntum
530 4243 721 4316 usurpatum
738 4232 832 4296 fuisse
849 4231 994 4298 videtur:
1014 4251 1084 4296 cum
1102 4229 1273 4295 indicativo
1287 4231 1360 4316 Jug.
1385 4231 1437 4306 10,
1455 4230 1488 4307 7,
1506 4248 1578 4294 οιιιιι
1593 4245 1657 4293 con·

387 4337 530 4423 junctivo
544 4340 616 4424 Jug.
637 4337 711 4416 106,
729 4337 759 4402 3.
998 4337 1001 4344 “

437 4444 661 4530 Quemquam,
682 4461 807 4527 semper
829 4461 901 4508 eum
929 4441 1114 4516 indicativo,
1142 4453 1178 4506 ut
1198 4442 1283 4527 apud
1311 4462 1417 4507 aureae
1442 4442 1545 4506 fetatis
1567 4440 1657 4524 scrip-

391 4563 470 4616 tores
488 4551 667 4634 soiotziug.
687 4549 741 4625 39,
757 4551 789 4627 5,
804 4559 981 4638 postquam
996 4569 1033 4614 eo
1047 4547 1146 4626 venit,
1163 4568 1369 4634 quemquam
1378 4549 1657 4636 persequantu-

421 4683 442 4740 1ζ
461 4689 499 4739 Cf.
512 4690 665 4754 pierumque
676 4718 704 4726 -
716 4689 835 4740 aisteam
845 4689 904 4753 Jug.
920 4691 958 4750 11,
972 4691 995 4748 43
1009 4687 1068 4736 item
1081 4687 1148 4736 Hist.
1162 4703 1179 4745 ι,
1193 4689 1231 4745 95,
1245 4687 1286 4736 ubi
1297 4687 1370 4736 deest
1382 4686 1532 4750 primarium
1543 4686 1658 4736 enuncie-
1674 4689 1676 4694 ’

389 4767 452 4809 tum.
