3534 5720
927 433 1124 492 -458-

388 571 400 636 4
419 593 428 648 ;
445 572 500 648 53,
525 574 563 648 5;
590 572 670 638 44444.
697 595 720 651 4,
742 576 797 651 45,
816 576 858 640 48
872 584 903 640 44
921 577 983 653 24;
1001 597 1025 651 4,
1040 576 1095 653 54,
1111 577 1149 654 2;
1170 575 1288 660 quibus
1308 576 1459 642 omnibus
1479 575 1557 642 44444
1573 595 1647 660 nega

386 675 486 742 tivum
510 689 557 742 ast
580 678 786 746 enuntiatum
810 683 888 762 (reon
911 679 1085 746 consilinm
1110 681 1184 765 est),
1211 691 1244 745 at
1262 680 1454 748 affirmativa
1471 680 1551 746 llist.
1569 701 1610 762 vv,
1625 683 1655 756 9,

387 784 439 848 46.
459 784 525 850 4444
540 795 662 850 tantum
681 787 747 852 4444
763 787 847 871 (lug.
863 789 920 866 85,
934 789 969 871 8)
985 807 1056 854 cuvu
1074 797 1152 854 utet
1167 786 1369 873 conjunctivo
1386 811 1394 854 :
1411 809 1451 854 ea
1466 787 1657 877 utieccepta

384 887 531 956 mercede
543 887 691 957 deseram
710 913 777 956 444
802 904 850 958 est
872 892 1064 970 consilium3
1086 893 1127 958 ad
1146 913 1241 980 quem
1262 895 1367 960 locum
1386 895 1525 960 Fabrius
1539 906 1577 962 44
1592 916 1657 980 444·

387 996 517 1062 ticulam
536 996 697 1065 interdum
722 1019 740 1064 a
758 999 965 1065 substantivis
983 999 1119 1084 pendere
1132 1008 1254 1080 monet,
1271 1019 1343 1085 quac
1360 1001 1454 1084 vulga
1473 1021 1545 1068 cum
1565 1022 1657 1088 gene·
1749 1012 1750 1066 ss

386 1102 449 1168 4444
463 1103 609 1200 44444444
623 1103 813 1190 jungantur,
832 1117 866 1172 nt
882 1106 948 1172 944.
967 1107 1128 1191 44444444.
1144 1106 1251 1174 Auser.
1272 1107 1326 1184 42,
1343 1106 1400 1183 33,
1420 1127 1527 1193 neque
1546 1106 1627 1174 44444
1646 1143 1656 1156 -

384 1229 442 1276 cars
458 1219 505 1273 est
523 1220 560 1274 ut
572 1207 680 1276 metita
699 1209 872 1289 diecentum
892 1213 984 1278 l'usc.
1009 1213 1042 1287 4,
1071 1213 1106 1292 l;
1130 1213 1209 1278 Caes.
1227 1214 1259 1279 4.
1276 1233 1304 1278 4.
1324 1234 1345 1290 4,
1363 1213 1423 1290 48;
1442 1215 1508 1280 biv.
1525 1215 1582 1291 25,
1599 1215 1657 1288 34;

385 1315 441 1390 27,
466 1314 519 1383 33.
548 1316 739 1384 Sallustium
765 1329 868 1384 tamen
893 1317 1050 1403 ejusmodi
1072 1318 1280 1384 substantivis
1310 1317 1507 1384 infinitivum
1531 1320 1657 1386 solitum

386 1421 482 1488 luisse
498 1422 632 1508 jungere
647 1432 801 1490 testantur
814 1425 882 1490 Cat.
902 1426 956 1501 47,
973 1425 1006 1504 a,
1023 1422 1143 1512 quilius
1161 1423 1196 1490 iu
1210 1422 1277 1490 otio
1292 1459 1333 1474 -
1346 1423 1564 1513 aiaeresscopiu
1578 1437 1656 1498 eret:

383 1528 453 1594 un.
469 1529 522 1606 30,
540 1531 572 1608 4,
590 1528 710 1617 peribus
725 1528 988 1597 omnieamdere
1006 1553 1076 1596 mes
1090 1533 1265 1615 erct31ug.
1284 1531 1317 1608 3,
1334 1532 1367 1610 4,
1384 1529 1452 1596 nisi
1462 1531 1657 1619 [artequem

385 1633 498 1700 lubido
505 1636 942 1724 tenetpotentiaepcucorum
949 1635 1340 1724 decusctpuelibertatem
1348 1659 1446 1704 samm
1453 1637 1639 1726 pretificari
1647 1663 1655 1717 ;

383 1743 412 1807 4.
437 1742 511 1819 402,
529 1748 562 1819 5,
579 1741 683 1808 simul
700 1742 794 1810 nadis
812 1741 957 1810 demeres
979 1741 1135 1810 acerbam
1152 1742 1423 1810 necessitudinem
1437 1780 1483 1796 -
1492 1743 1654 1832 persequi.

384 1848 484 1914 -ct
510 1857 639 1938 tempus
663 1848 767 1916 444444
787 1851 914 1935 444444.
927 1851 984 1929 89,
1001 1851 1034 1925 3,
1055 1849 1190 1938 majora
1214 1861 1246 1916 et
1260 1848 1368 1937 mapis
1389 1870 1508 1938 aspera
1524 1848 1658 1938 appredi

385 1964 513 2042 tempus
531 1953 638 2020 visum
654 1967 712 2036 est,
723 1939 842 2047 assum
865 1957 972 2042 4444444
995 1957 1145 2023 inlinitivi
1161 1958 1233 2041 lug.
1255 1958 1311 2034 91,
1338 1959 1378 2035 3;
1403 1957 1463 2035 94,
1480 1959 1511 2035 4,
1531 1954 1591 2026 sed
1603 1954 1658 2022 nti

387 2073 604 2150 4444444444
624 2073 753 2152 tempus
773 2062 881 2128 cisum
901 2098 947 2114 -
964 2061 1011 2128 cd
1031 2062 1140 2130 laeum
1154 2063 1277 2152 perpet.
1301 2099 1347 2114 -
1362 2060 1563 2154 Conjnrere,
1581 2065 1656 2128 insc-

388 2168 518 2262 4444444,
535 2169 882 2252 calamitatuni.
905 2169 964 2236 Od.
988 2191 1011 2248 4,
1034 2171 1088 2249 45,
1110 2171 1156 2256 t).
1174 2205 1219 2222 --
1231 2171 1366 2249 044444,
1381 2181 1420 2236 44
1435 2168 1521 2254 apud
1537 2180 1653 2256 pactas,

382 2274 399 2339 J
403 2293 453 2359 ug.
474 2275 529 2353 64,
547 2276 579 2352 2,
593 2285 760 2364 postremo
770 2287 899 2342 caveret
913 2274 949 2342 id
955 2287 1069 2364 petere
1081 2273 1238 2366 apopnlo
1250 2277 1411 2342 14444444.
1428 2275 1655 2342 -Ilemittere
1749 2256 1750 2272 ¹

381 2381 453 2466 lug.
472 2382 527 2458 52,
543 2382 576 2458 5,
591 2402 697 2469 neque
718 2382 856 2448 remittit
875 2383 919 2465 (id
944 2393 992 2448 cst
1009 2381 1208 2467 intermittit)
1232 2379 1317 2466 perid
1329 2379 1451 2468 444444
1464 2381 1567 2448 hostis
1580 2403 1653 2469 cpe·

383 2498 434 2554 ret
445 2485 632 2576 ecplurere.
647 2524 693 2540 -
707 2486 879 2568 Barbitace,
892 2491 960 2556 Cat.
985 2491 1038 2568 45,
1054 2491 1087 2567 2,
1103 2486 1195 2576 qnod
1204 2510 1244 2554 ec
1254 2486 1378 2554 nubere
1393 2487 1445 2554 illi
1463 2485 1651 2566 dubitabam

383 2596 502 2663 erravit
520 2595 619 2680 igitur
639 2598 780 2681 9444444,
805 2596 860 2682 qui
881 2596 974 2678 (llist.
1002 2596 1091 2680 Syut.
1115 2617 1152 2674 n,
1166 2615 1196 2680 p.
1220 2597 1299 2679 327)
1326 2595 1412 2680 apud
1428 2595 1576 2662 Curtium
1593 2595 1648 2681 pri·
1749 2613 1750 2674 j

384 2721 472 2766 mum
490 2701 681 2768 affirmativa
692 2702 750 2768 4444
770 2702 900 2767 verbum
915 2701 1051 2787 positum
1067 2719 1232 2768 accurrere
1247 2699 1398 2768 alllrmat.
1415 2737 1460 2752 -
1473 2703 1652 2791 Imperare,

382 2808 453 2894 lug.
468 2809 523 2888 47,
535 2809 568 2885 2,
577 2819 740 2897 praterea
750 2806 927 2897 imperavit
935 2813 1140 2893 serimentum
1149 2819 1422 2897 —eomportare‚
1433 2807 1519 2895 quod
1530 2807 1654 2894 quidam

384 2917 469 3001 apud
488 2916 589 2982 Cicer.
612 2926 643 2982 et
665 2916 744 2982 Caes.
766 2933 830 2980 444
856 2915 1029 2982 444444444.
1052 2913 1242 2994 -Jubere,
1272 2925 1306 2980 ut
1325 2915 1411 3001 apud
1431 2915 1570 2995 Livium,
1590 2915 1655 2982 Vir·

383 3022 676 3108 giliumipsumqne
696 3022 977 3098 Ciceronem‚cum
989 3021 1149 3087 4444444444
1159 3022 1226 3088 4444
1239 3021 1398 3107 jungitur,
1413 3021 1467 3088 444
1486 3021 1656 3106 4444444444·

386 3128 463 3214 44444
476 3127 654 3211 subjectum
671 3137 770 3213 444444
784 3147 821 3194 ex
834 3128 1015 3214 praegressis
1030 3128 1135 3194 444444
1148 3151 1155 3192 :
1168 3128 1238 3213 lug.
1252 3128 1327 3204 404,
1348 3136 1381 3205 t,
1398 3147 1450 3208 cc,
1465 3126 1578 3194 stetim
1593 3127 1655 3192 mi·

383 3233 456 3301 lites
466 3246 598 3301 cenatos
613 3256 691 3314 esse,
708 3234 743 3300 in
757 3232 974 3322 custris'ipm's
984 3253 1086 3322 quem
1105 3231 1328 3302 creberrumos
1349 3233 1437 3322 fieri,
1454 3232 1529 3300 dein
1539 3233 1654 3324 primu

382 3340 501 3430 vipilic
514 3339 643 3408 silentia
656 3339 768 3428 epredi
771 3341 792 3431 j
795 3340 881 3421 cedet,
899 3362 962 3428 qua
979 3342 1045 3408 4444
1053 3337 1173 3406 milites
1183 3341 1360 3425 subjectum
1374 3340 1509 3426 logicum
1524 3361 1596 3406 4444
1610 3349 1654 3405 444
1747 3355 1748 3358 ’

384 3459 414 3514 44
427 3459 501 3514 ante
515 3447 709 3514 infinitivum
724 3445 838 3535 epredi
852 3447 944 3514 lacile
957 3447 1099 3533 suppleri
1118 3457 1234 3531 potast3
1255 3448 1326 3532 Jug.
1347 3447 1423 3524 499,
1444 3447 1477 3524 3,
1497 3457 1567 3512 tum
1584 3467 1650 3524 rec,

384 3553 650 3644 ettipraeeeptam
660 3553 786 3640 fuerat,
797 3564 877 3643 post
888 3552 976 3620 diem
990 3551 1154 3620 decimum
1168 3551 1276 3618 redire
1284 3550 1394 3641 jubet,
1412 3553 1466 3620 444
1481 3552 1652 3640 subiectum

384 3661 522 3748 logicum
541 3658 638 3726 Sulla
657 3681 772 3728 444444
789 3674 837 3727 444
851 3661 968 3747 saepius
987 3661 1020 3726 44
1034 3659 1213 3746 praegressis
1232 3659 1370 3745 periodis
1389 3659 1570 3746 4444444444.
1588 3662 1652 3726 [luc
1746 3692 1747 3700 1

384 3769 452 3835 4444
477 3767 593 3834 addam
620 3767 790 3854 inquibus
820 3767 1017 3854 explicandis
1038 3769 1177 3834 multum
1204 3768 1410 3833 variaverunt
1435 3766 1649 3854 interpretes:

382 3875 451 3942 Cat.
469 3875 524 3951 59,
543 3876 573 3953 4,
588 3873 657 3942 lurae
672 3872 732 3940 444
743 3872 841 3954 dicit,
853 3872 1034 3962 paululum
1062 3883 1286 3952 conmoratus,
1300 3871 1397 3960 siplae
1413 3893 1530 3944 444444
1542 3871 1650 3961 judet;

382 3983 453 4063 tua.
468 3983 524 4061 99,
542 3984 574 4061 4,
586 3981 716 4048 Marius
727 4019 768 4032 —-
781 4001 883 4069 quem
892 3979 1255 4047 maaimumsilmtium
1266 3977 1497 4067 taderijudet‚
1509 3979 1649 4068 nesipnu
1745 4041 1746 4044 ,

383 4086 529 4175 quidem,
542 4087 593 4154 reti
602 4109 666 4177 per
680 4087 813 4177 cipilias
825 4085 985 4166 44444444,
999 4107 1115 4152 canere
1129 4087 1151 4166 ¹,
1169 4083 1286 4154 deinde
1299 4084 1358 4152 cedi
1370 4083 1431 4150 luc
1442 4083 1648 4163 adventabat,

414 4266 436 4313 4.
454 4263 595 4321 Jordanus,
608 4262 754 4321 Jacobstus.
775 4261 932 4324 4444444444,
948 4261 1062 4312 Κ4444444
1077 4259 1203 4326 majoram
1216 4259 1410 4311 distinctionem
1425 4275 1515 4312 omnes
1525 4260 1648 4316 exhibant,

382 4334 428 4384 aad
444 4333 524 4383 variis
534 4333 565 4382 de
578 4333 676 4383 causis.
688 4333 804 4384 Kritaias
816 4334 886 4382 enim
896 4347 947 4382 444
957 4332 1042 4382 solum
1052 4334 1130 4382 verba
1139 4345 1244 4390 currere,
1255 4333 1353 4392 tollere,
1363 4345 1510 4394 erumpere,
1523 4331 1650 4382 sedetiam

382 4403 455 4470 prius
467 4405 574 4454 verbum
585 4417 684 4455 canere
696 4419 742 4470 444
755 4403 881 4454 infinitivo
895 4402 1021 4452 historico
1035 4403 1122 4453 habat.
1135 4402 1284 4452 Diatschiua
1298 4403 1468 4466 contrajudet
1481 4404 1599 4464 alterum,
1609 4414 1651 4450 cur

345 4493 347 4496 ·
382 4476 409 4526 44
425 4484 493 4526 textu
509 4491 559 4525 444
574 4474 727 4539 recipiatur,
740 4490 791 4526 uon
806 4475 882 4525 videt.
899 4473 1038 4524 Jacobsius
1048 4473 1092 4538 (ci.
1105 4475 1229 4538 Draeger.
1243 4474 1311 4524 Hist.
1326 4473 1397 4537 Synt.
1412 4489 1439 4532 44,
1455 4490 1481 4538 4.
1495 4475 1550 4538 344)
1565 4471 1614 4532 444,
1627 4477 1651 4519 44

381 4552 408 4596 44
422 4548 478 4596 Cat.
494 4549 533 4606 59,
548 4552 571 4604 t.
594 4547 671 4610 444444
687 4545 863 4596 accusativum
876 4559 935 4596 4444
948 4549 1023 4609 putat
1036 4559 1083 4610 pro
1097 4545 1215 4609 subjecta
1229 4544 1345 4596 4445444444
1358 4557 1454 4598 cauere
1468 4544 1651 4609 pentametri

382 4617 538 4682 praecedenti
549 4619 626 4668 verbo
636 4618 713 4681 jacet
727 4617 852 4682 pandare3
863 4617 932 4682 quod
944 4630 1006 4665 vero
1020 4616 1054 4665 ad
1067 4617 1242 4681 posteriorem
1250 4615 1404 4668 locutionem
1418 4619 1521 4679 444444
1532 4628 1649 4668 cauma»
1743 4643 1744 4686 p

382 4687 502 4750 partinet,
516 4687 565 4738 hae
580 4688 679 4751 periodi
695 4698 767 4752 parta
782 4687 919 4738 4444444444
934 4687 1075 4737 historicos
1090 4687 1168 4748 videt,
1181 4687 1290 4752 ideoque
1296 4688 1371 4750 jubet
1385 4687 1495 4736 alterum
1511 4683 1648 4736 censetds·

382 4759 497 4813 laudum·
512 4759 548 4813 44
563 4774 654 4828 parum
676 4759 817 4812 verisimile
831 4765 871 4812 est
884 4759 951 4810 idam
967 4759 1074 4812 verbum
1094 4759 1179 4810 activo
1196 4766 1225 4810 44
1239 4758 1349 4810 neutrali
1364 4773 1442 4809 44444
1457 4767 1509 4808 tam
1524 4772 1601 4827 parvo
1613 4755 1647 4804 44·
