3576 5724
698 497 894 555 -445-

142 659 235 714 ortes
265 649 383 728 enimi,
409 647 529 738 petibus
551 670 682 715 suntme
716 648 880 716 claritudo
910 660 1068 738 paratur,
1099 649 1153 714 ulti
1188 657 1274 715 certa
1301 649 1421 736 species

142 756 266 821 artium
281 767 356 822 nota
376 757 486 843 aliqua
505 756 611 822 addita
631 756 834 835 describitur,
853 777 955 842 neque
969 777 1042 823 vero
1059 767 1151 822 certae
1172 766 1254 822 artes
1271 755 1421 821 denotan-

142 872 211 928 tur.
229 865 267 929 Et
282 863 332 928 hic
348 864 477 948 quidem
502 890 513 923 ‹
533 863 634 929 multo
652 863 747 928 latius
768 873 854 950 patet
871 884 948 930 usus
971 863 1130 949 participii
1150 863 1278 948 perlecti
1303 863 1420 958 passivi

140 989 244 1056 quam
273 971 438 1056 presentis
460 969 553 1036 activi
562 994 571 1050 3
593 989 788 1056 quamquam
808 971 858 1036 hic
885 991 1011 1058 quoque
1030 991 1107 1036 usus
1129 969 1215 1064 apud
1232 970 1420 1036 Sallustium

139 1097 236 1163 aeqoe
260 1085 355 1163 etque
379 1077 464 1161 apud
483 1077 638 1142 Caesarem
657 1077 757 1160 magis
778 1077 1034 1163 circumscriptus
1050 1087 1096 1142 est
1119 1097 1216 1162 quam
1236 1076 1321 1162 apud
1337 1076 1421 1142 Cice-

140 1203 255 1248 ronem
271 1198 302 1248 et
318 1183 455 1258 Livium,
474 1183 559 1269 apud
578 1204 657 1269 quos
677 1184 772 1250 etiam
785 1185 1056 1270 comparationem
1072 1183 1244 1250 admittunt
1264 1183 1419 1269 ejusmodi

141 1290 337 1376 participia¹
354 1290 477 1374 »‚quod
488 1289 616 1376 quidem
627 1290 778 1357 Sallustio
790 1311 852 1355 non
865 1293 957 1376 plane
974 1291 1116 1378 ignotum
1129 1303 1193 1357 est:
1206 1289 1421 1379 suspectiores

141 1397 229 1481 (Cal.
248 1398 281 1475 7,
298 1398 318 1462 4
329 1419 338 1474 ;
354 1396 393 1461 cl.
414 1397 478 1462 Cic.
497 1397 584 1463 Orat.
603 1399 637 1477 4,
656 1397 688 1484 4)
700 1420 708 1476 ;
722 1397 933 1484 praeponeres
950 1398 1043 1484 (Hist.
1061 1419 1097 1476 ιι,
1114 1398 1188 1484 87);
1206 1395 1421 1463 inconsultius

142 1503 231 1588 (lug.
256 1503 311 1582 35,
328 1505 366 1583 6;
390 1504 430 1568 cl.
451 1504 530 1569 Cres,
551 1505 582 1568 lt.
604 1524 634 1590 g.
658 1526 681 1581 ι,
705 1505 763 1582 45;
786 1505 853 1570 Liv.
876 1505 931 1584 ll,
954 1505 990 1583 7;
1016 1504 1100 1570 Plin.
1120 1505 1192 1590 jun.
1210 1506 1327 1589 Paneg.
1345 1503 1419 1586 83);

132 1609 332 1698 promptior
349 1611 433 1698 (lug.
453 1613 507 1687 44,
527 1611 613 1682 4;οι.
633 1610 767 1677 Cicllll.
790 1633 811 1689 ι,
828 1612 899 1696 tt).
923 1613 1068 1678 «Eorum
1084 1632 1158 1677 vero
1176 1611 1420 1696 participiorum

139 1737 216 1802 quae
234 1717 329 1802 volgo
348 1718 456 1782 futuro
480 1717 597 1802 passivi
619 1717 855 1795 adscribuntur,
879 1739 988 1784 revera
1007 1729 1114 1784 auteur
1133 1718 1280 1803 praesenti
1303 1717 1419 1806 passivi

140 1823 349 1888 attribuenda
363 1834 447 1901 sunt,
462 1823 547 1911 apud
569 1836 712 1891 nostrum
741 1834 901 1891 auctorem
925 1827 1052 1891 nullum
1074 1826 1201 1891 invenio
1222 1826 1416 1909 exemplum,

140 1929 231 2016 quod
246 1930 286 1995 sit
301 1950 364 1995 non
385 1929 424 1995 ad
441 1933 570 1996 verbum
589 1931 729 2010 finitum,
745 1931 798 1997 sed
815 1932 854 1997 ud
874 1932 973 2000 aliam
988 1933 1152 1998 sententiae
1169 1941 1288 2019 partem
1308 1931 1352 1996 ita
1369 1951 1420 1996 re-

140 2037 257 2112 latum,
279 2046 314 2102 ut
338 2036 484 2121 adjectivi
505 2038 681 2103 attributiri
703 2039 804 2104 locum
827 2039 979 2104 obtineat.
1003 2039 1117 2105 Omnia
1132 2039 1218 2106 enim
1234 2037 1417 2123 hujusmodi

139 2143 326 2229 participia,
345 2154 399 2209 aut
415 2142 552 2210 retinent
568 2145 731 2231 propriam
750 2146 837 2212 verbi
859 2146 1137 2230 significationem,
1152 2165 1222 2212 cum
1243 2143 1420 2231 oppositio·

139 2269 216 2315 uem
239 2250 424 2315 contineant
449 2251 494 2316 rei
519 2252 614 2317 uerbo
643 2251 734 2317 finito
757 2251 916 2330 indicatae,
933 2254 1022 2318 velut
1043 2254 1111 2319 Cat.
1147 2252 1202 2329 ll),
1229 2255 1262 2330 4,
1279 2251 1419 2337 optanda

138 2354 242 2434 elias,
264 2364 319 2422 aut
333 2355 395 2422 rim
424 2356 586 2443 pradicati
612 2358 739 2437 habent,
765 2359 853 2424 velut
875 2360 945 2444 lug.
973 2360 1005 2434 3,
1030 2360 1061 2437 4,Ι
1083 2357 1232 2424 mittente
1253 2356 1340 2423 milri
1356 2356 1419 2422 lace

143 2473 336 2552 tempestate
350 2463 686 2549 cupiundacidentccr.
705 2493 775 2524 »-
790 2492 800 2526 ι
815 2467 896 2532 Usus
912 2465 1071 2550 participii
1084 2465 1182 2530 loturi
1199 2464 1305 2542 activi,
1318 2465 1342 2529 si
1353 2464 1419 2529 dis-

139 2569 274 2636 cesseris
291 2570 330 2635 ab
352 2591 414 2636 uno
440 2572 520 2650 loco,
542 2573 614 2658 Jug.
636 2574 691 2649 47,
709 2573 741 2650 3,
764 2573 816 2638 ubi
838 2571 1041 2657 participium
1061 2571 1199 2659 saturus
1219 2569 1364 2655 adjectivi
1381 2571 1420 2635 si-

138 2675 344 2762 gnificatione
370 2676 508 2762 positum
532 2688 590 2758 est,
622 2678 707 2764 apud
731 2679 921 2744 Sallustium
943 2680 1054 2744 nullus
1079 2689 1137 2755 est,
1167 2690 1262 2763 atque
1288 2677 1419 2744 omnino

138 2783 311 2868 scriptores
331 2783 491 2849 inferioris
508 2784 634 2851 demum
654 2785 755 2852 artatis
775 2785 944 2872 participio
965 2785 1066 2851 futuri
1083 2785 1176 2850 activi
1197 2785 1254 2850 hoc
1271 2785 1419 2850 liberiore

138 2889 234 2955 modo
255 2889 303 2954 usi
324 2900 398 2955 sunt
413 2889 436 2954 ².
465 2917 476 2951 ι
498 2892 731 2976 Deponentium
750 2901 855 2956 autem
876 2892 1047 2958 verborum
1063 2891 1246 2978 participia,
1265 2891 1420 2977 qnoniam

140 2998 287 3064 ellectum
308 2999 439 3064 actionis
463 2998 654 3084 significant,
672 3000 726 3086 qui
752 2999 829 3065 itae
850 2999 979 3085 propria
1001 3019 1059 3064 sua
1088 3019 1184 3064 causa
1204 3013 1234 3063 et
1254 2999 1340 3068 fonte
1365 3017 1416 3064 re-

140 3113 245 3170 motus
260 3105 428 3190 cogitatur,
446 3116 480 3172 ut
493 3105 559 3190 ipse
574 3126 664 3172 novar
680 3106 813 3172 actionis
826 3116 973 3172 naturam
984 3106 1023 3171 ab
1040 3105 1104 3171 alio
1119 3104 1260 3191 subjecto
1276 3104 1420 3190 proficis·

140 3211 240 3276 centis
256 3211 381 3290 induat,
404 3231 467 3278 non
479 3212 572 3278 aliter
586 3213 646 3278 nisi
665 3213 794 3299 propria
809 3212 895 3278 vorbi
912 3212 1145 3298 significatione
1165 3233 1202 3278 en
1216 3211 1311 3277 verbo
1329 3211 1418 3276 finito

141 3317 313 3403 pendentia
334 3328 443 3384 auctor
469 3318 618 3386 inducere
636 3328 749 3405 potest,
779 3319 841 3384 uisi
867 3319 947 3384 lorte
971 3317 1162 3403 deponentia
1195 3319 1264 3404 ipsa
1294 3318 1419 3406 passivo

140 3445 199 3491 usu
222 3437 435 3510 usurpantur‚-
450 3425 482 3492 id
498 3427 584 3512 quod
603 3427 757 3494 Sallustio
779 3425 1020 3495 usitatissimum
1035 3435 1082 3490 est
1100 3424 1124 3489 ⁸.
1152 3451 1163 3485 e

155 3537 359 3626 aParticipia
375 3541 504 3626 perlecti
530 3541 647 3627 passivi
673 3563 744 3627 quaa
759 3541 820 3607 huc
840 3541 1000 3628 pertinent
1019 3549 1093 3606 sunt
1108 3541 1213 3606 talia:
1236 3542 1304 3607 Cat.
1328 3541 1360 3619 3,
1383 3543 1416 3620 4,

142 3643 286 3711 orclatum
305 3644 437 3712 videtur
446 3667 496 3713 res
506 3659 608 3732 gestas
628 3647 787 3730 scriderc3
806 3649 859 3724 lt,
873 3649 907 3724 6,
926 3644 1058 3713 tabulas
1077 3647 1188 3733 pictas,
1205 3669 1286 3712 cose
1306 3648 1419 3713 caelata

140 3751 260 3818 mc'rori
265 3775 274 3832 3
293 3754 346 3831 56,
359 3755 390 3831 3,
404 3753 465 3820 clii
480 3766 654 3840 praeacutas
666 3753 757 3820 sudis
767 3753 967 3843 portabant;
983 3755 998 3819 J
1004 3774 1054 3840 ug.
1066 3755 1119 3834 44,
1132 3755 1165 3828 5,
1182 3753 1328 3819 scrutari
1344 3753 1417 3820 loco

142 3858 262 3940 ah'dita,
281 3862 390 3926 clausa
405 3860 599 3950 effrinpere3
622 3863 677 3942 48,
693 3865 726 3939 4,
747 3882 808 3949 per
823 3860 971 3927 tramites
990 3861 1145 3938 occultos3
1163 3861 1217 3939 58,
1240 3862 1273 3938 7,
1294 3858 1330 3926 in
1345 3859 1417 3926 loco

139 3966 263 4031 munita
278 3987 311 4032 se
325 3967 461 4055 recepit3
480 3971 534 4041 75,
553 3971 585 4048 4,
603 3989 705 4057 quem
716 3967 914 4057 plurumum
932 3977 1041 4056 potest
1053 3967 1166 4034 domiti
1179 3966 1320 4055 pecoris,
1342 3968 1416 4053 qui-

140 4073 196 4138 bus
216 4073 367 4140 omnibus
396 4075 472 4140 locis
494 4077 697 4162 participium
721 4088 751 4141 et
770 4076 1002 4142 substantivum
1026 4074 1185 4140 artissime
1207 4075 1290 4140 iuter
1309 4094 1341 4140 se
1369 4095 1416 4140 co·

142 4181 275 4261 haerent,
299 4201 399 4267 quum
424 4181 456 4248 id
481 4194 594 4268 agatur
618 4194 654 4249 ut
670 4181 991 4250 audientinmanimo
1015 4190 1108 4246 certat
1126 4181 1242 4266 speciei
1266 4181 1415 4268 cogitatio

141 4287 305 4353 olleratur.
331 4291 443 4375 ltaque
465 4289 504 4355 ad
520 4311 557 4356 ea
578 4291 748 4376 participia
771 4289 932 4356 ablativus
951 4307 1094 4374 personae
1114 4287 1251 4374 alicujus
1268 4288 1415 4355 accedere

144 4413 207 4460 non
222 4404 337 4480 potest;
354 4416 428 4461 uam
447 4398 574 4462 ellectus
590 4399 721 4484 ejusque
736 4417 833 4462 causa
849 4397 904 4461 tali
929 4395 1052 4460 ratione
1068 4395 1151 4461 inter
1164 4413 1197 4460 se
1212 4394 1416 4464 continentur

168 4538 191 4654 4.
210 4534 532 4672 iiiiiislpioitjectivo
543 4608 657 4672 positum
667 4609 734 4673 apud
746 4607 897 4658 Ciceronem
909 4606 1010 4656 nonnisi
1024 4606 1049 4654 in
1060 4603 1231 4655 locutionibus
1246 4619 1289 4659 res
1302 4607 1414 4672 futurae,

138 4673 233 4738 laturo
251 4677 295 4738 (=
309 4691 341 4729 eo
355 4691 410 4741 poce
417 4681 559 4742 posteriori
573 4686 688 4745 tempore
699 4680 875 4744 satorosont)
891 4675 1107 4741 invenenatum.
1119 4679 1248 4731 Kuhuast.
1264 4679 1310 4731 Die
1326 4683 1414 4730 Hoet-

138 4747 237 4808 pectre
246 4747 292 4798 der
305 4749 480 4801 liciontrcltca
494 4755 602 4813 scarae,
618 4767 646 4816 p.
665 4752 732 4812 267).

169 4828 191 4876 a.
212 4827 284 4888 inu,
297 4843 321 4891 p.
339 4829 390 4878 r-a.
