3666 5724
209 470 233 518 ο
767 481 921 535 ..4.-

196 634 227 688 44
247 623 358 689 honori
378 633 517 689 4444444
537 633 662 689 ornatu.
684 650 696 683 ι
716 627 755 689 In
774 621 866 689 libris
884 643 1009 710 quoqne
1032 621 1214 712 crealopict's
1234 624 1341 690 omnia
1359 625 1456 691 istius·

196 729 283 795 modi
299 729 367 795 sine
382 729 396 794 ι’
410 730 502 795 444444
517 729 651 795 dicenda
665 741 781 796 censet.
804 757 816 790 ι

242 838 277 902 Ε.
299 873 344 886 -
363 839 546 904 4444444444
565 858 686 912 curura.
710 875 751 886 -
773 836 942 904 6444444444
957 847 1141 902 contractus
1156 857 1172 902 e
1180 859 1247 926 pro
1263 837 1289 902 ei
1309 837 1470 904 invenitur

197 943 247 1009 lris
262 944 339 1009 loeis
356 966 363 1007 :
378 945 448 1030 lug.
467 945 522 1023 54,
538 944 557 1009 3
572 941 635 1023 die,
651 945 776 1030 Fragm.
797 943 870 1009 hist.
888 964 911 1022 1,
931 945 992 1010 407
1011 945 1092 1023 4444,
1108 945 1233 1029 Fragm.
1249 964 1272 1024 1,
1287 944 1330 1010 99
1343 943 1467 1032 requie.

196 1053 253 1117 4444
273 1070 347 1116 4444
368 1051 478 1116 forma
498 1051 579 1117 nihil
602 1051 785 1118 ollensionis
811 1051 940 1129 babent,
962 1069 1062 1137 quum
1081 1070 1134 1116 eas
1154 1050 1302 1116 omnibus
1322 1050 1469 1136 tempori-

198 1159 258 1223 bus
274 1158 407 1223 usitatas
427 1157 523 1224 luisse
544 1167 698 1224 testentur
711 1158 894 1224 Priscianus
910 1158 978 1243 (ιιι,
995 1157 1051 1234 443,
1070 1177 1100 1242 p.
1120 1157 1196 1230 366,
1214 1168 1244 1222 44
1257 1158 1311 1233 94,
1335 1177 1366 1242 p.
1391 1157 1468 1241 367)

147 1338 154 1360 ,
198 1273 230 1330 et
244 1263 365 1330 Gellius
381 1265 439 1350 (ιιι,
460 1265 512 1337 44,
530 1265 598 1350 45).
614 1265 661 1330 Cl.
674 1265 760 1350 apud
771 1264 960 1330 recentiores
970 1264 1113 1329 Corssen.
1128 1283 1162 1341 ιι,
1177 1283 1207 1348 p.
1225 1264 1302 1341 745,
1315 1263 1472 1328 Biicheler

199 1391 231 1457 p.
248 1373 302 1449 35,
320 1391 388 1456 sqq.
416 1381 447 1436 et
469 1370 594 1454 Madvig
613 1374 629 1456 ἓ
645 1371 700 1449 48,
717 1391 751 1437 ιι.
770 1373 800 1450 4,
820 1372 935 1456 Zumpt
956 1372 972 1454 ἓ
993 1370 1049 1447 85,
1067 1390 1099 1436 ιι.
1118 1371 1150 1448 3,
1179 1372 1296 1436 Lorenz
1313 1369 1352 1434 ad
1366 1369 1470 1435 Planti

198 1479 269 1544 mil,
286 1479 367 1564 glor.
390 1499 418 1555 ι,
442 1478 539 1543 4464.

244 1583 401 1649 4444444444
416 1583 450 1649 in
465 1604 482 1649 4
496 1595 668 1650 4444444444
685 1604 746 1650 444
764 1584 892 1649 admisit
912 1582 1081 1660 londanus,
1102 1592 1213 1648 contra
1232 1582 1397 1661 4444444444,
1418 1584 1473 1649 lo·

198 1690 312 1769 446444,
330 1691 423 1758 Fabri
446 1690 628 1776 opinionem
648 1691 707 1773 (Cf.
731 1693 891 1756 Briinnert
906 1691 927 1755 l.
948 1690 969 1754 4.
988 1710 1019 1775 p.
1038 1690 1107 1772 34),
1125 1692 1158 1754 44
1180 1689 1250 1775 lug.
1271 1690 1323 1768 46,
1350 1690 1369 1755 3
1395 1710 1401 1752 :
1424 1686 1475 1752 oti

194 1797 313 1886 sumac,
332 1797 405 1878 tide,
416 1808 581 1885 postremo
598 1795 749 1885 4444446444
760 1795 829 1862 suis
843 1794 939 1861 rebus
952 1793 1161 1861 cotumaciam
1176 1794 1263 1883 repis
1278 1795 1469 1883 anteferret,

199 1905 254 1971 ubi
272 1904 381 1970 scribit
394 1903 505 1992 sema,
517 1901 596 1992 fide,
614 1924 686 1970 cum
701 1903 882 1983 Gerlachio,
903 1903 1037 1981 Kritzio‚
1054 1903 1162 1969 Contio
1178 1903 1366 1988 optimatum
1386 1902 1471 1968 codi-

198 2031 270 2078 cum
285 2010 344 2076 fide
361 2011 382 2075 ¹.
401 2011 557 2076 Similiter
571 2013 641 2096 lug.
658 2012 712 2089 74,
731 2012 745 2076 4
762 2010 888 2096 scripsit
900 2007 991 2098 fidei,
1008 2008 1115 2076 dativo
1129 2029 1219 2088 4444,
1239 2029 1294 2096 pro
1306 2006 1374 2096 lide
1389 2008 1473 2094 quod

200 2118 320 2185 babent
339 2118 476 2184 editores
494 2137 592 2204 supra
609 2116 743 2184 laudati.
760 2117 936 2183 Fatendum
952 2126 1114 2183 esttamen
1130 2119 1262 2183 formam
1279 2125 1473 2182 contractam

199 2225 362 2292 Prisciano
383 2225 465 2310 (loco
482 2223 584 2308 laud.)
604 2233 634 2289 et
648 2225 752 2292 Gallio
769 2225 826 2310 (rx,
850 2226 902 2302 44,
925 2224 980 2308 44)
1001 2225 1165 2310 probatam
1185 2223 1291 2289 luisse.

244 2333 280 2396 F.
302 2365 346 2381 -
363 2331 515 2396 Notandae
529 2330 624 2397 etiarn
644 2331 751 2396 formae
766 2341 865 2396 4444444
884 2327 1007 2418 diuque
1023 2332 1074 2412 (ll.
1096 2350 1131 2410 ιι,
1151 2331 1221 2416 63).
1238 2326 1297 2394 diu
1311 2339 1474 2416 noctoque

200 2440 241 2521 (J.
261 2439 314 2518 38,
333 2438 369 2514 3;
391 2439 444 2516 44,
462 2438 508 2523 6).
529 2438 569 2505 at
584 2437 612 2502 l.
633 2437 687 2517 70,
706 2439 717 2501 l
739 2435 791 2502 die
809 2447 971 2524 noctuque
991 2437 1133 2503 scribunt
1151 2437 1342 2514 Dietschius,
1364 2435 1472 2501 lorda-

200 2565 274 2618 nus.
292 2544 430 2610 Kritzius
447 2544 487 2610 ad
502 2543 645 2610 codicem
663 2544 769 2621 fidem,
791 2543 954 2610 lacobsius
974 2563 1047 2609 vero
1062 2554 1093 2608 et
1111 2554 1186 2609 ante
1205 2563 1278 2609 eum
1297 2542 1424 2609 Cortins
1443 2551 1474 2607 et

200 2651 296 2717 Fabri
322 2648 380 2715 dia
404 2661 567 2737 erectaeque
590 2651 796 2735 seripserunt,
824 2651 891 2715 sinc
915 2649 1013 2716 dubio
1045 2660 1173 2736 propter
1200 2648 1391 2736 analogiam.
1423 2649 1471 2715 cf.

199 2759 306 2824 l'laut.
325 2756 431 2824 Casin.
456 2759 488 2835 4,
507 2759 538 2836 4,
556 2759 601 2824 5:
619 2751 781 2845 noctuque
807 2769 839 2823 et
860 2755 931 2836 44444,
952 2768 983 2822 44
1001 2757 1155 2823 Titinium
1180 2780 1186 2822 :
1210 2767 1308 2823 44444
1326 2754 1471 2843 diuque3

198 2866 241 2931 44.
260 2865 357 2930 etiam
371 2862 469 2930 Tacit.
489 2883 564 2930 ann.
585 2866 638 2940 45,
658 2866 710 2942 44,
730 2865 803 2930 44444.

245 2973 283 3039 G
304 2969 479 3036 -Plebes
502 2971 605 3036 444444
632 2972 733 3036 multo
760 2969 956 3056 frequentior
982 2969 1067 3055 apud
1092 2969 1280 3036 Sallustium
1307 2979 1353 3034 est
1378 2989 1475 3056 quam

195 3076 317 3165 plebs:
334 3077 801 3163 illaquideminveniturCat.
825 3078 878 3154 37,
902 3078 932 3164 4
957 3073 1208 3162 l31ug.33,3;
1232 3077 1340 3156 40,;3
1362 3077 1478 3154 66,;4

200 3186 256 3263 73,
270 3185 302 3262 3,
320 3185 358 3262 6;
378 3183 457 3250 44444.
474 3185 624 3270 bagme
643 3165 771 3262 4544·
789 3206 823 3264 ιι,
843 3186 903 3262 49;
923 3206 969 3263 ιιι,
985 3185 1041 3262 84,
1056 3185 1180 3250 44448.
1199 3185 1329 3250 Formas
1343 3183 1474 3270 genitum

200 3302 233 3358 et
248 3291 346 3358 dativi
366 3312 437 3377 quae
452 3292 596 3377 quintam
613 3291 857 3357 declinationem
875 3301 1065 3377 sequuntur,
1075 3289 1187 3379 plebei
1200 3291 1251 3377 (ll.
1270 3313 1316 3368 ιιι,
1337 3291 1393 3368 84,
1416 3291 1473 3367 45;

199 3401 229 3465 J.
249 3399 302 3476 44,
321 3398 363 3463 64
385 3398 440 3476 86,
457 3398 498 3464 44
516 3397 619 3483 genit;
642 3399 680 3464 H.
700 3419 722 3476 ι,
740 3399 795 3476 54,
814 3399 871 3478 44;
889 3399 916 3463 J.
935 3398 990 3474 84,
1008 3397 1061 3483 34)
1078 3397 1144 3477 dat,
1164 3397 1194 3462 in
1211 3397 1395 3483 fragmentis
1411 3408 1476 3462 tan-

203 3514 270 3570 4444
287 3503 415 3570 admisit
427 3501 603 3584 londanus,
617 3524 674 3570 nec
691 3503 860 3582 immerito,
879 3513 913 3569 ut
925 3504 1063 3582 videtur,
1080 3523 1152 3570 cum
1164 3504 1265 3570 lorma
1272 3501 1383 3592 plebei
1395 3501 1478 3569 codi-

201 3611 291 3678 cibus
317 3610 376 3696 qui
403 3612 580 3696 fragmenta
600 3611 691 3678 nobis
710 3620 917 3677 servaverunt
936 3611 1123 3678 confirmata
1142 3610 1194 3689 444,
1219 3609 1382 3676 444444444
1403 3629 1477 3676 4444

203 3728 259 3784 444
273 3718 371 3784 dubia
387 3718 465 3784 locis
480 3738 578 3803 supra
593 3717 733 3785 laudatis
749 3719 780 3784 in
800 3718 964 3804 iugurthae
981 3737 1016 3784 ac
1031 3718 1178 3785 Catilina
1197 3716 1360 3784 codicibus
1380 3736 1476 3802 appa-

203 3837 271 3892 reat
278 3848 287 3904 ;
305 3834 414 3892 contra
434 3825 612 3892 Dietschius
627 3834 766 3912 quatuor
781 3826 830 3890 his
847 3823 922 3890 locis
930 3823 1045 3912 plebei
1058 3825 1090 3890 in
1108 3833 1226 3891 textum
1242 3824 1368 3910 recepit.
1393 3823 1478 3890 Cete-

205 3953 276 3998 rum
287 3930 393 4020 plebis
407 3932 507 3998 forma
522 3933 634 3998 multis
650 3932 727 3998 locis
741 3934 809 3997 sola
825 3931 985 4017 reperitur
992 3956 1001 4012 ;
1017 3931 1165 3997 similiter
1181 3931 1377 3998 nominativo
1383 3927 1479 4019 pleds

206 4040 324 4125 legitur
343 4039 529 4124 saepissime.
551 4040 640 4107 Unde
654 4039 800 4106 concludi
818 4049 918 4124 potest
933 4039 990 4103 hoc
1005 4039 1136 4104 verbum
1152 4038 1278 4106 tertiam
1293 4037 1436 4124 quidem,
1452 4037 1477 4102 si

203 4146 382 4232 fragmenta
402 4145 608 4211 historiarum
628 4145 780 4231 excipias,
797 4144 1045 4227 declinationem
1064 4145 1153 4232 sequi
1171 4146 1257 4232 apud
1274 4144 1476 4221 Sallustium,

204 4252 401 4319 nominativo
421 4261 525 4318 autem
545 4272 621 4319 casu
642 4252 800 4339 duplicem
821 4253 955 4318 formam
975 4249 1090 4340 (plebs,
1103 4249 1227 4340 plebes)
1248 4252 1378 4328 habere,
1399 4270 1478 4338 quo·
1564 4281 1566 4284 ·

207 4379 278 4424 rum
293 4369 429 4445 utraque
445 4359 484 4424 ad
502 4359 626 4425 tertiam
648 4359 892 4425 declinationem
908 4358 1067 4446 pertinere
1083 4359 1181 4424 videri
1200 4345 1315 4444 possit}
1338 4359 1404 4423 nac
1421 4377 1479 4422 au·

206 4476 269 4532 tem
283 4465 489 4532 verisimilius
505 4475 633 4552 propter
652 4468 785 4533 formam
796 4463 907 4555 plebei
920 4467 952 4531 in
971 4465 1115 4532 Historiis
1132 4475 1320 4551 usurpatam
1336 4465 1374 4532 ad
1391 4463 1480 4551 quin·

207 4582 270 4637 tam
284 4573 448 4638 referenda
464 4572 516 4638 444.
535 4573 595 4657 (Cf.
613 4572 712 4639 Prisc.
729 4593 770 4652 vr,
788 4593 822 4650 ιι,
840 4572 933 4657 4544.)

239 4745 261 4790 l.
276 4740 340 4790 Vide
356 4736 414 4806 quae
429 4741 461 4792 ad
481 4742 548 4792 hune
565 4723 650 4792 locum
664 4743 807 4794 luculenter
821 4743 958 4808 explicavit
969 4744 1094 4802 Κ4444444,
1110 4744 1152 4808 qui
1169 4743 1269 4808 primus
1283 4743 1424 4793 ablativum
1443 4744 1476 4794 ibi

208 4812 317 4874 positum
333 4812 464 4862 esse·vidit
480 4821 584 4879 propter
596 4816 764 4881 comparativi
778 4816 908 4868 notionem
923 4832 980 4884 «praee
995 4817 1017 4866 ἰιι
1035 4819 1112 4868 acolio
1128 4816 1263 4882 coalescere
1278 4815 1346 4866 44444.
