3534 5720
739 455 930 514 -ttu-

194 619 332 686 mapsa
343 597 391 664 uis
405 597 578 665 homiuum
593 611 787 665 conuenerat
806 598 896 687 apris
907 597 1006 687 pulsa
1022 609 1082 664 uret
1095 597 1228 664 ciuitate
1244 596 1364 686 ejecto;
1386 589 1471 682 quoti

195 706 400 772 rarissimum
420 717 482 782 est3
504 707 556 788 (ci.
581 706 647 773 Liv.
663 718 768 795 portu
787 718 818 772 et
841 708 906 773 Cic.
933 703 1042 785 domu,
1059 702 1201 780 sedilus,
1227 706 1323 770 etiam
1342 703 1423 770 uoci
1441 718 1472 769 et

194 811 342 896 rostm's);
360 814 474 896 utlug;
493 813 545 892 lt,
569 813 621 891 40,
639 833 680 877 ea
695 813 824 900 Africa,
842 827 876 878 ut
892 814 1080 898 plerumque
1098 812 1183 896 apud
1199 811 1368 890 nesarci,
1386 813 1471 877 Cice-

195 939 308 985 ronem
324 931 354 984 et
372 917 509 984 Liviam.
526 953 572 968 -
584 922 751 985 Eunucauu
769 918 877 1006 [atride
899 921 993 1006 (llist.
1011 939 1052 997 ιι,
1075 919 1154 1004 37);
1175 919 1215 984 ol.
1234 919 1331 984 Tacit.
1349 918 1432 982 Αιιιι.
1448 937 1470 993 ι,

193 1028 254 1104 65,
268 1023 449 1115 paludibus
467 1045 639 1092 emersam.
657 1061 702 1076 -
716 1029 850 1093 Enreunu
863 1044 935 1092 cum
950 1047 991 1092 eu
1006 1039 1156 1111 praepos,
1174 1035 1209 1092 ut
1232 1025 1317 1110 opud
1338 1042 1468 1090 ornnes:

193 1136 270 1218 lug.
287 1133 342 1211 82,
361 1133 393 1212 3,
411 1154 453 1197 aar
473 1132 643 1210 martiuum
666 1135 733 1200 Cat.
757 1135 810 1212 48,
829 1136 860 1213 4,
877 1154 919 1198 erc·
931 1132 1101 1212 seruitrtte3
1119 1134 1173 1212 48,
1191 1135 1224 1211 4,
1246 1151 1286 1196 eo
1303 1130 1469 1220 periculo3

193 1245 272 1305 clim
286 1239 436 1317 ablativo,
460 1247 494 1304 ut
510 1239 595 1324 apud
610 1239 675 1305 Cia.
693 1241 760 1324 <qui
776 1237 815 1304 de
827 1251 856 1304 at
871 1261 892 1304 o
907 1251 1037 1326 quoque
1049 1239 1206 1324 adhibet),
1223 1240 1292 1304 Cot.
1311 1238 1365 1316 46,
1381 1239 1413 1313 2,
1432 1236 1472 1301 ei-

195 1344 333 1410 oitutem
345 1344 503 1433 periculis
518 1356 664 1433 ereptum
676 1367 741 1411 esse
758 1346 780 1410 ¹.
795 1381 840 1396 -
855 1349 983 1413 Exorans
995 1347 1134 1432 aliquem
1150 1347 1259 1431 aliqua
1273 1361 1305 1409 re
1319 1345 1401 1429 (lug.
1414 1341 1468 1421 88,

196 1451 236 1531 3;
255 1451 334 1518 Hist.
350 1471 373 1530 ι,
391 1451 445 1530 45,
465 1453 522 1531 44;
541 1471 586 1529 ιιι,
604 1453 663 1527 68;
682 1470 728 1529 ιιι,
743 1452 799 1531 82,
815 1453 853 1531 63
873 1473 915 1529 iv,
933 1454 985 1531 49,
1004 1453 1079 1538 43);
1096 1471 1167 1538 quae
1180 1461 1341 1517 structura
1355 1450 1469 1516 Caesari

196 1559 301 1636 Livio,
318 1559 425 1625 Tacito
441 1559 517 1624 satis
531 1559 731 1644 frequentata
746 1560 831 1644 apud
843 1560 1026 1626 Ciceronem
1038 1579 1100 1624 non
1113 1559 1286 1626 invonitur.
1299 1593 1346 1606 -
1357 1559 1471 1624 Psoni-

195 1685 277 1731 ncnu
291 1684 362 1731 oum
379 1666 518 1731 ablativo
539 1677 663 1732 tantum
684 1666 767 1750 apud
783 1666 926 1733 Tacitum
944 1669 1072 1751 legitur,
1095 1666 1181 1753 apud
1196 1666 1322 1731 Livium
1340 1675 1386 1729 ter
1399 1683 1471 1729 oum

198 1773 350 1849 ablativo,
369 1772 454 1857 apud
475 1772 658 1838 Ciceronem
675 1782 705 1838 et
724 1774 880 1839 Caesarem
896 1773 1073 1860 promiscue
1094 1793 1165 1838 oum
1188 1772 1328 1838 ablativo
1342 1781 1372 1836 et
1389 1789 1472 1856 pra-

200 1899 266 1965 pos.
290 1877 351 1956 ab:
368 1879 538 1944 Sallustius
551 1899 624 1944 veru
639 1879 698 1945 tria
716 1889 839 1946 tantum
854 1883 999 1966 exempla
1015 1880 1176 1965 praeposit.
1195 1878 1236 1944 ab
1255 1878 1371 1964 praebet
1385 1878 1467 1963 (lug.

197 1988 253 2062 64,
272 1988 308 2064 4;
332 1987 386 2064 45,
404 1986 440 2064 3;
461 1986 535 2064 407,
556 1987 606 2071 4);
629 1997 744 2065 cetera,
763 2007 895 2054 numero
912 1989 976 2054 lere
992 2000 1124 2073 septem,
1144 1987 1319 2052 ablativum
1340 1986 1468 2051 hebent.

196 2094 242 2159 ilc
261 2094 438 2158 notandum
453 2103 511 2170 est,
535 2094 587 2158 ulii
610 2095 792 2180 praepositio
820 2095 1022 2174 adhibeatur,
1048 2094 1282 2160 substantivum
1307 2111 1471 2177 nunquam

198 2201 228 2264 vi
249 2217 397 2285 corporea
420 2209 610 2286 usurpatum
633 2202 730 2266 luisse
746 2200 802 2285 (αό
826 2201 966 2290 injurio,
988 2200 1030 2266 all
1049 2200 1142 2290 jorra,
1165 2223 1187 2264 a
1210 2197 1361 2283 delictis),
1387 2198 1472 2284 quod

197 2316 309 2373 contra
324 2319 371 2373 est
391 2307 423 2372 ln
445 2307 484 2372 iis
506 2307 583 2373 locis
606 2307 722 2392 quilius
741 2309 901 2374 omittitur
915 2308 1102 2391 (moenibus,
1120 2307 1218 2388 meri,
1230 2306 1355 2395 jonae,
1370 2304 1469 2393 stepo,

197 2413 406 2494 commercio,
417 2419 549 2502 palpato,
566 2413 724 2498 civitate),
742 2416 857 2500 quibus
874 2417 1021 2481 omnibus
1037 2423 1092 2480 aut
1106 2414 1228 2500 aliquid
1248 2423 1429 2479 concretum
1442 2423 1473 2477 et

198 2538 400 2606 corporeum,
419 2529 474 2586 ant
494 2522 574 2586 actio
594 2521 740 2606 qnaetlnm
764 2523 960 2606 designatur.
987 2523 1177 2608 Quanquam
1203 2521 1300 2604 igitur
1323 2520 1388 2586 haec
1406 2519 1472 2584 dis·
1583 2543 1585 2549 ·

198 2627 311 2693 tinctio
327 2629 408 2693 lorte
423 2628 490 2692 lieri
508 2629 623 2714 potuit,
641 2621 672 2694 el
686 2629 770 2714 apud
790 2630 973 2696 Ciceronem
990 2631 1134 2714 aliosque
1155 2627 1297 2694 eamdent
1319 2627 1471 2692 dilleren-

139 2725 141 2732 '
198 2735 278 2800 tiam
294 2733 450 2820 dispicere
466 2747 532 2800 n‘on
550 2736 635 2814 licet,
657 2745 761 2801 tamen
786 2736 836 2801 hic
859 2755 928 2800 eam
950 2736 1195 2822 oppositionem,
1221 2736 1471 2820 quanticumque

198 2842 253 2916 sit,
266 2841 344 2928 quin
357 2841 624 2907 ostenderemnon
638 2843 737 2926 potui.
752 2877 797 2892 -
807 2844 950 2908 Sunccnn
960 2863 1031 2908 cum
1043 2843 1194 2919 ablativo,
1206 2852 1240 2906 ut
1252 2841 1337 2928 apud
1349 2850 1468 2924 poetas,

198 2948 281 3013 Hist'
303 2965 334 3026 v,
353 2949 406 3027 46,
427 2946 508 3013 sellu
523 2953 659 3037 surpere
673 2950 774 3031 (Kritz
788 2971 794 3012 :
808 2946 997 3036 adsurpere,
1015 2969 1052 3013 en
1066 2949 1251 3031 Arusiauo).
1269 2981 1314 2996 -
1328 2948 1472 3013 Tuansan

200 3055 273 3140 (pro
288 3052 478 3139 deterrere),
496 3065 645 3141 sequente
668 3056 864 3141 opreeposit.
887 3065 918 3120 ot
934 3055 1085 3135 collativo,
1101 3057 1182 3122 Hist.
1206 3077 1228 3133 ι,
1247 3056 1302 3132 45;
1325 3055 1357 3129 6,
1382 3063 1472 3117 meta

197 3149 364 3250 praeieris
386 3161 550 3227 servitrice
573 3159 754 3251 repetunda
776 3161 925 3228 libertate
946 3161 1115 3228 terremini
1121 3186 1129 3242 3
1157 3163 1242 3247 apud
1266 3163 1421 3227 Caesarem
1441 3171 1471 3224 et

197 3269 343 3335 Tacitum
359 3279 478 3334 terrere
494 3269 680 3356 quominus,
698 3269 782 3355 apud
799 3270 920 3334 livium
936 3281 1119 3347 terrerem,
1137 3269 1245 3336 eodem
1259 3279 1367 3334 *sensu
1418 3291 1420 3296 ’
1454 3293 1457 3298 ’

245 3373 408 3441 Addamus
422 3377 553 3441 verbum
567 3382 696 3456 nocane,
715 3376 800 3462 quod
815 3393 880 3442 uno
901 3386 1023 3442 tantum
1042 3378 1109 3442 loco
1123 3377 1205 3462 (lug.
1225 3377 1281 3454 64,
1299 3377 1329 3454 4,
1345 3373 1387 3439 ob
1401 3376 1473 3439 Me·

200 3480 278 3548 tello
292 3481 479 3547 missionem
494 3487 602 3570 repat)
622 3503 694 3549 cum
714 3483 812 3549 ablat.
835 3493 866 3550 et
885 3503 1020 3570 praepos.
1042 3481 1084 3548 ob
1097 3483 1256 3569 jungitun
1272 3484 1385 3548 ceteris
1401 3499 1473 3546 vero

202 3591 279 3654 locis
297 3591 477 3674 analogiam
491 3590 647 3676 sequitur.
728 3607 734 3616 ·

246 3699 292 3762 De
314 3697 547 3762 verborumne
562 3699 657 3763 etiarn
676 3716 776 3782 pauca
791 3697 925 3763 dicenda
940 3697 1100 3764 videntur.
1127 3697 1273 3764 Ablativo
1293 3697 1382 3781 punit
1402 3696 1473 3759 Sal·
1515 3695 1518 3702 '

202 3803 318 3869 iustius
340 3821 521 3888 remquam
544 3803 720 3869 mutatione
742 3812 901 3890 acceptam
916 3816 1161 3884 commemorat3
1188 3803 1296 3868 eadem
1314 3795 1474 3868 structura
1533 3831 1534 3834 ¹

202 3919 338 3975 utuntur
351 3909 444 3974 ceteri
458 3909 613 3988 historici,
625 3910 733 3976 Cicero
747 3919 852 3975 autem
867 3921 1071 3975 commutare
1088 3919 1211 3974 tantum
1226 3924 1262 3974 eo
1279 3927 1372 3975 seusu
1388 3908 1475 3972 adhi-

202 4015 253 4081 b'et
265 4039 272 4081 :
285 4017 353 4082 Cat.
372 4015 426 4094 58,
445 4016 498 4094 45,
515 4037 609 4081 tremo
628 4015 693 4081 uisi
707 4014 810 4080 uictor
825 4035 899 4101 pace
916 4014 1035 4080 bellum
1051 4015 1212 4097 mutarim
1226 4017 1306 4082 Hist.
1327 4036 1349 4094 ι,
1366 4016 1420 4089 54,
1439 4015 1473 4091 7,

202 4142 340 4208 quornm
363 4142 458 4188 nemu
478 4141 544 4188 riou
561 4124 679 4188 lliurna
696 4124 840 4189 mercede
865 4123 967 4188 uitam
986 4121 1179 4200 mutaverim
1204 4124 1274 4208 lug.
1295 4125 1349 4198 44,
1368 4123 1399 4197 5,
1419 4142 1472 4186 eo-

202 4249 265 4314 que
281 4239 412 4293 mutare
427 4213 502 4293 clem
517 4227 756 4294 mercatoribus
770 4228 861 4308 vino;
881 4231 959 4293 llist.
978 4250 1025 4306 ιιι,
1043 4229 1099 4301 88,
1117 4229 1172 4308 26,
1197 4237 1381 4314 uetustaque
1399 4247 1472 4312 [trao-

203 4335 280 4400 senti
300 4336 428 4421 ignavia
446 4333 647 4412 mutuut'stis3
666 4336 745 4400 Hist.
765 4335 827 4401 inc.
852 4337 905 4413 34,
924 4347 1035 4423 tapam
1062 4336 1288 4421 paludamento
1314 4333 1471 4411 maiouim

205 4452 236 4504 at
252 4442 324 4526 lug.
342 4441 398 4521 83,
423 4443 455 4518 4,
477 4453 587 4508 tumeo
605 4439 801 4508 conuertere
820 4441 1021 4530 incertapru
1043 4442 1139 4508 certis
1162 4453 1300 4508 mature.
1324 4443 1383 4524 (liu
1408 4443 1473 4505 loro

236 4575 257 4621 l.
272 4573 320 4621 Hic
336 4574 563 4622 commemorantia
580 4573 696 4622 videntur
711 4573 837 4638 adjectiva
853 4575 927 4634 exui,
944 4572 1070 4631 extorris,
1087 4573 1140 4638 qui.
1157 4574 1224 4638 apurl
1240 4574 1391 4622 Ciceronem
1406 4587 1473 4621 eem-

206 4657 250 4704 per
264 4644 382 4693 absolute
398 4645 491 4708 posita,
505 4645 572 4708 apud
587 4644 738 4694 Sallustium
751 4661 810 4694 oum
825 4645 935 4695 ablativo
947 4647 1039 4708 juncta
1053 4652 1206 4696 occurrunt:
1220 4645 1278 4710 lug.
1293 4648 1330 4701 44.
1349 4649 1387 4706 ll,
1403 4657 1474 4695 aurio

206 4731 264 4766 vero
279 4718 345 4768 erut
357 4720 458 4780 potero,
472 4719 564 4778 doure,-
578 4717 639 4768 ibid.
657 4721 694 4772 44.
711 4721 853 4769 extorrem
863 4718 1058 4780 patrimonio,
1073 4721 1177 4782 inopem
1192 4721 1382 4782 elouopertum
1397 4719 1473 4767 mise-

208 4791 253 4837 rits
269 4787 371 4852 effectu
389 4789 455 4840 illst.
472 4803 499 4847 ιι,
515 4791 553 4846 97,
570 4787 922 4840 orbe*terru'rrtmsutorres
1279 4799 1282 4804 '
