3534 5720
930 402 1127 458 -tta-

427 546 460 612 2⁰
487 542 676 632 Infinitiotts
692 542 838 632 perfecti
849 543 977 632 passini
992 556 1069 632 past
1089 543 1187 612 verda
1204 545 1397 628 volitatatis,
1416 553 1470 635 qui
1502 551 1585 636 apud
1601 555 1644 619 ct-

384 672 530 719 oerouem
547 651 694 737 irequeus
705 661 764 730 est,
781 651 866 736 apud
882 651 1049 729 Censorem,
1064 653 1234 738 Virgilium
1246 655 1483 741 nonnullosque
1499 659 1646 726 aliusnon

382 772 505 826 exstare
521 758 659 823 videtur.
676 757 770 843 Apud
786 758 976 824 Sallustium
997 778 1071 824 vero
1094 760 1174 826 ialso
1198 759 1337 826 affirmat
1358 763 1537 846 Draegerus
1559 767 1645 847 (Hist.

384 868 473 953 Syut.
491 887 526 946 rr,
543 885 574 951 p.
593 865 670 950 tot)
691 883 762 930 eam
776 865 1043 931 constructionem
1062 866 1187 944 deesse;
1210 867 1372 934 iuvenitur
1389 870 1474 934 euim
1490 871 1560 956 lug.
1578 874 1646 952 llll,

383 976 415 1054 ii,
433 971 555 1040 bellum
574 993 633 1059 epo
642 968 771 1060 populo
790 973 941 1038 Romano
959 991 1064 1058 aeque
1073 973 1142 1060 feei
1159 994 1263 1061 aeqtta
1280 975 1399 1040 iactum
1419 997 1579 1063 amquam
1598 1000 1648 1044 uo-

383 1079 433 1147 lui
439 1104 447 1160 3
464 1083 479 1145 J
485 1101 534 1166 ug.
556 1081 631 1154 lli,
646 1079 679 1150 3,
696 1088 839 1143 ceterum
854 1077 1011 1158 Bacchas,
1027 1078 1059 1144 si
1070 1078 1230 1146 ambobus
1242 1082 1421 1148 consultam
1435 1093 1467 1147 et
1480 1093 1580 1150 ratam
1592 1105 1648 1172 pa-

382 1209 451 1255 cem
471 1184 576 1265 uellet,
600 1183 695 1250 claret
713 1205 860 1272 operam,
881 1195 940 1250 etc.
951 1197 969 1263 ;’
982 1186 1062 1251 illst.
1082 1207 1105 1264 r,
1127 1188 1181 1266 to,
1203 1188 1257 1264 il,
1274 1209 1354 1253 nam
1364 1199 1488 1276 preater
1500 1189 1648 1256 satellites

383 1290 628 1360 conmaculatos
647 1289 720 1378 qais
744 1289 857 1358 eadem
880 1287 971 1358 volt?
989 1302 1050 1358 aut
1071 1291 1145 1380 qais
1165 1314 1232 1359 tana
1250 1291 1363 1360 omnia
1385 1305 1510 1360 mutata
1531 1309 1649 1385 praeter

382 1399 561 1467 victorem?

427 1508 460 1574 3⁰
477 1503 693 1574 Accusatinas
708 1525 784 1570 cam
802 1502 964 1592 t'afirtitiva
975 1516 1051 1593 post
1064 1503 1163 1572 uerba
1178 1491 1426 1595 impersonalia.
1449 1545 1491 1556 -
1510 1507 1647 1576 Scilicet.

380 1650 426 1667 -
444 1615 600 1699 Pleraque
615 1611 843 1696 impersonalia
862 1621 972 1677 uotum
990 1622 1036 1678 est
1050 1631 1122 1678 oum
1142 1613 1320 1678 accusativo
1336 1613 1427 1699 jungi
1446 1615 1532 1700 atiud
1547 1633 1650 1684 omues

381 1721 567 1806 scriptorem
588 1717 733 1804 idemque
752 1717 788 1784 fu
807 1717 892 1804 apud
909 1717 1109 1784 Sallustium.
1127 1717 1249 1798 Quibus
1268 1719 1371 1786 verbis
1392 1720 1592 1806 adjungenda
1608 1735 1650 1788 est

382 1827 500 1895 locutio
520 1823 653 1904 seilicet,
674 1844 745 1911 quae
765 1843 837 1890 curn
857 1834 993 1898 accusat.
1018 1835 1049 1890 et
1068 1824 1186 1890 induit.
1204 1825 1366 1892 occurrit:
1382 1827 1454 1913 lug.
1474 1828 1506 1905 lt,
1531 1827 1551 1893 5
1571 1837 1601 1894 et
1618 1829 1648 1904 li,

380 1955 459 2002 nam
474 1953 560 2022 saepe
574 1929 691 1997 audivi
706 1931 744 2011 Q.
763 1929 964 2011 Maximam,
982 1932 1020 1997 P.
1037 1929 1236 2020 Scipionem,
1247 1943 1413 2020 praeterea
1427 1931 1572 2000 civitatis
1584 1955 1649 2000 nos-

381 2051 439 2110 tra
453 2037 636 2128 praeclaros
653 2035 741 2102 viros
758 2035 870 2103 solitos
886 2035 933 2102 ita
952 2035 1071 2116 dicere,
1088 2058 1162 2102 cum
1181 2037 1351 2126 majorum
1371 2037 1533 2127 imapines
1546 2039 1649 2106 intae-

380 2142 800 2226 rerttar,.ueltemeutissime
813 2141 877 2209 sibi
890 2142 1040 2210 animum
1055 2141 1101 2209 ad
1113 2145 1268 2210 virtatem
1283 2143 1426 2211 accendi.
1447 2147 1575 2214 Scilicet
1588 2168 1647 2212 noa

282 2239 285 2245 ¹
380 2274 490 2320 ceram
504 2250 598 2318 illam
617 2271 721 2338 aeque
732 2250 880 2338 fiqaram
896 2261 1025 2316 tantam
1039 2249 1107 2315 oim
1129 2248 1163 2316 in
1186 2271 1252 2318 sese
1271 2247 1403 2333 tatere,
1423 2249 1482 2345 secl
1493 2252 1650 2320 memoria

380 2380 492 2427 reram
504 2369 670 2446 pasturam
684 2378 758 2425 eam
769 2355 947 2444 (lammam
961 2355 1099 2444 eprepiis
1109 2346 1188 2422 uiris
1201 2357 1234 2422 ia
1240 2372 1373 2446 pectore
1382 2379 1538 2440 ,crescere
1551 2379 1650 2446 aeque

375 2465 472 2555 prius
483 2463 604 2546 seclari,
621 2485 723 2558 qaam
739 2461 843 2530 virttis
857 2483 969 2528 eornm
984 2463 1115 2550 [amam
1131 2474 1230 2550 atque
1247 2461 1390 2550 pluriam
1411 2462 1645 2552 adaquata-tt,

379 2573 433 2642 nbi
455 2572 594 2640 Kritzius
610 2572 650 2638 ad
667 2569 886 2638 antecedentia
902 2569 998 2636 verba
1017 2567 1129 2636 solitos
1147 2567 1253 2635 dicere
1271 2570 1472 2662 referendum
1499 2572 1650 2638 incusati·

379 2701 454 2747 vum
468 2699 541 2746 cnm
560 2676 718 2744 infinitivo
739 2677 818 2743 laiso
833 2675 996 2743 contendit
1012 2675 1040 2754 ’ς
1059 2678 1129 2764 lug.
1155 2677 1230 2756 ll3,
1247 2678 1279 2756 3,
1300 2697 1374 2764 qna
1393 2676 1516 2744 scilieet
1529 2688 1650 2744 lacerate

378 2785 448 2874 diso
464 2783 592 2852 occulta
601 2782 747 2872 pectoris
762 2782 957 2872 patefecisse
961 2802 976 2865 ;
995 2783 1076 2850 Hist.
1095 2805 1117 2858 t,
1140 2784 1194 2862 5l,
1211 2784 1244 2862 5,
1266 2795 1303 2848 at
1315 2781 1437 2850 seilicet
1455 2804 1520 2863 eos,
1538 2782 1599 2870 qai
1610 2780 1652 2850 uti

375 2902 577 2980 postremam
589 2909 691 2978 asqtte
703 2888 838 2977 leqatos,
844 2911 979 2978 pacem,
992 2886 1201 2956 cotteordiam
1213 2901 1244 2954 et
1253 2889 1324 2956 alia
1334 2887 1531 2977 hujusmodi
1542 2887 1649 2956 decre-

377 3010 506 3077 verant,
518 2996 665 3085 qratiam
676 2995 718 3062 ab
729 3015 766 3062 eo
773 2995 953 3086 peperisse.
967 2995 1086 3080 Atlng.
1102 2997 1178 3075 toa,
1190 2997 1223 3074 ll,
1240 2993 1477 3083 (sedquoniam
1489 2994 1648 3062 ltttmatta-

377 3126 452 3172 ram
468 3125 578 3171 rernm
595 3105 743 3170 Fortaau
749 3101 913 3190 pleraque
927 3101 1023 3190 repit,
1038 3101 1093 3168 cai
1101 3100 1359 3190 scilicetplacuit
1374 3114 1404 3169 te
1414 3114 1445 3168 et
1458 3101 1526 3168 vim
1539 3114 1571 3169 et
1580 3123 1650 3190 qra-

378 3210 460 3278 tiam
479 3222 626 3278 uostram
646 3209 801 3298 experiri,
818 3194 906 3276 auae
919 3207 1126 3298 quandoper
1140 3207 1234 3276 illam
1253 3207 1339 3291 licet,
1354 3208 1479 3298 festina
1500 3221 1600 3297 atque
1618 3219 1650 3274 at

376 3317 505 3407 caepisti
514 3320 641 3405 perpe),
655 3317 708 3383 ubi
721 3316 873 3394 Kritzins,
886 3318 936 3382 cni
952 3317 1070 3385 assensi
1083 3325 1274 3402 suutpostea
1284 3316 1444 3402 OEstling,
1456 3316 1647 3388 Schultaius.

375 3427 567 3502 Brnenuert,
581 3425 651 3503 alii,
660 3422 826 3512 placuisse
840 3423 1042 3506 scribendum
1054 3445 1091 3490 ex
1101 3423 1294 3490 deteriorum
1305 3422 1449 3490 codicum
1465 3424 1649 3490 auctoritate

375 3531 511 3610 censuit,
525 3529 656 3620 placuit
674 3550 745 3596 cum
761 3529 899 3597 Jordano
914 3550 1042 3596 servare
1058 3529 1173 3598 melius
1191 3529 1330 3608 videtur,
1352 3549 1424 3596 oum
1443 3549 1482 3595 ex
1501 3538 1566 3596 toto
1584 3538 1648 3594 seu·'

375 3640 546 3706 tentiarum
564 3656 644 3704 uexn
662 3647 816 3724 appareat
831 3637 927 3704 verba
941 3635 997 3704 cni
1008 3634 1130 3704 scilicet
1142 3672 1188 3687 -
1201 3635 1347 3726 experiri
1362 3649 1515 3722 tanquam
1529 3656 1585 3722 per
1600 3656 1648 3722 pa·

407 3817 430 3864 l.
446 3813 537 3863 Causae
553 3827 617 3876 quas
636 3812 712 3862 affert
726 3811 764 3862 vir
779 3811 823 3861 illa
836 3812 927 3862 doctus
942 3811 975 3861 ad
990 3811 1151 3876 propositum
1166 3809 1385 3876 comprobandum
1403 3812 1444 3860 hae
1461 3811 1515 3860 sere
1531 3817 1589 3860 suut
1604 3825 1609 3859 :
1625 3808 1646 3857 si

375 3885 433 3935 hoec
448 3883 575 3934 sententia
588 3883 707 3934 Sallustii
722 3890 791 3932 esset
805 3891 832 3932 nt
845 3898 861 3933 a
872 3899 935 3933 voce
946 3885 1048 3936 sellicet
1063 3891 1178 3934 accusat.
1193 3899 1251 3933 cum
1264 3883 1390 3932 infinitivo
1400 3883 1533 3946 penderet,
1546 3880 1647 3945 asynde·

374 3966 418 4006 tou
435 3955 532 4004 instare
547 3953 677 4018 ineptum
695 3953 788 4003 deinde
801 3968 855 4006 sete
867 3953 1011 4018 pleniorem
1024 3954 1097 4004 illam
1112 3955 1223 4004 sormam
1238 3969 1368 4020 uunquam
1384 3954 1415 4003 de
1429 3955 1506 4004 rebus
1522 3951 1644 4016 usurpari,

374 4042 457 4091 neque
472 4026 553 4075 latine
566 4025 617 4075 dici
632 4023 686 4076 tac
700 4038 741 4076 res·
755 4026 810 4076 vina
825 4041 851 4074 ru
868 4041 898 4074 sa
914 4025 1002 4085 hebet,
1018 4025 1062 4074 sed
1078 4025 1231 4090 simpliciter
1246 4023 1332 4076 tutet.
1350 4053 1379 4062 -
1393 4025 1444 4074 Sed
1467 4023 1541 4074 uobis
1560 4033 1646 4073 eontra

373 4098 490 4157 videtur,
503 4111 573 4157 nam,
586 4097 654 4160 quod
669 4096 701 4146 ad
716 4097 858 4160 asyndeton
872 4096 933 4146 illud
946 4097 1047 4154 attinet,
1064 4097 1098 4147 cl.
1113 4099 1168 4146 Cat.
1182 4100 1220 4158 16,
1236 4101 1263 4157 3;
1279 4095 1372 4146 deinde
1385 4109 1442 4150 sese
1456 4095 1488 4144 de
1499 4097 1575 4144 rebus
1585 4093 1646 4142 dici·

374 4175 416 4216 tur
428 4169 481 4218 Cat.
498 4171 522 4228 2,
541 4171 565 4221 3.
583 4167 738 4232 oerffaadilt'us
753 4171 838 4231 utone
852 4170 1020 4220 constantias
1034 4181 1089 4219 sese
1103 4181 1146 4218 res
1160 4167 1283 4218 tamarae
1297 4167 1436 4228 laterent,
1452 4171 1478 4215 et
1491 4166 1551 4230 lug.
1567 4169 1602 4226 tl,
1617 4167 1644 4223 73

373 4237 407 4288 cf.
426 4238 479 4288 Cic.
496 4254 543 4302 pro
560 4237 628 4287 Mur.
645 4242 667 4297 t,
684 4242 706 4296 t,
721 4241 743 4288 st
756 4239 807 4290 illa
823 4238 947 4289 selemias
963 4241 1131 4290 comitiorum
1146 4244 1264 4300 precatio
1279 4242 1385 4288 tautam
1399 4237 1430 4288 in
1444 4251 1472 4288 se
1488 4235 1567 4287 latret
1581 4237 1644 4292 stat,-

373 4309 405 4358 tle
420 4310 463 4358 flu.
485 4313 507 4366 l,
520 4311 560 4367 2l.
575 4312 619 4366 58,
634 4308 666 4357 de
679 4307 779 4359 Senect.
795 4311 833 4368 21,
846 4311 890 4368 tt;
907 4309 933 4358 iu
947 4309 1022 4359 Verr.
1046 4314 1066 4366 l,
1084 4312 1107 4369 9,
1123 4309 1162 4359 26.
1179 4309 1311 4358 Praeterea
1326 4309 1349 4357 si
1365 4307 1503 4357 statuimus
1520 4321 1582 4356 voca
1595 4306 1643 4355 sei·

374 4382 432 4430 ltcet
446 4382 524 4430 verba
537 4379 673 4444 sequentia
687 4379 753 4443 regi,
767 4395 922 4443 sensumque
937 4395 994 4430 esse
1010 4401 1022 4426 «
1034 4381 1120 4432 elucet
1132 4379 1171 4430 vel
1186 4381 1251 4430 milri
1261 4381 1437 4445 perspicuam
1449 4383 1490 4430 est
1500 4392 1552 4428 noa
1561 4387 1644 4426 ceram

372 4449 461 4508 illanc,
474 4458 524 4501 ete.
535 4467 560 4511 a,
575 4451 700 4512 vocabula
714 4452 824 4514 carratis
840 4453 908 4502 viris
921 4451 986 4500 nihil
1000 4451 1095 4501 habent
1107 4451 1268 4508 offensionis,
1284 4463 1365 4513 neque
1378 4464 1443 4514 opus
1454 4457 1493 4498 est
1504 4449 1536 4496 ad
1549 4463 1579 4497 ea
1588 4461 1645 4495 cou-

373 4521 464 4585 sugere
477 4522 569 4586 quibus
578 4521 690 4572 Kritziua
702 4521 788 4572 locum
800 4521 920 4585 expedire
930 4527 1038 4572 conatus
1050 4529 1099 4572 est.
1113 4521 1180 4572 Dicit
1192 4521 1260 4570 euim
1274 4521 1428 4570 Sallustium
1444 4519 1471 4569 iu
1484 4516 1643 4568 adversativa

374 4591 475 4655 periodi
489 4599 562 4656 parte
577 4593 613 4642 ita
628 4593 660 4642 ab
675 4591 793 4642 instituta
808 4592 923 4642 oratioue
938 4592 1082 4654 deflexisse,
1098 4598 1134 4652 ut,
1147 4607 1224 4656 quum
1235 4593 1320 4656 primo
1331 4607 1361 4640 ex
1370 4589 1474 4641 Maximi
1485 4597 1511 4639 et
1521 4585 1653 4660 Scipionis¹

374 4675 460 4713 mente
479 4663 597 4724 dixisset,
618 4663 644 4714 iu
664 4664 818 4714 senteutiam
838 4663 984 4727 generalem
1003 4665 1136 4726 transiret,
1156 4663 1267 4728 ideoque
1285 4679 1332 4728 pro
1352 4664 1401 4715 stat
1415 4669 1522 4727 poneret
1538 4658 1643 4726 carentis

375 4737 451 4785 virts.
545 4756 546 4782 ;
