3534 5720
695 431 892 496 -153-

158 598 263 654 suma
284 578 444 685 plerisque
457 578 537 647 ellat
525 585 603 656 tum,
621 577 646 642 si
667 596 742 648 non
751 540 919 668 manifesto
933 576 1061 662 lalsum,
1082 585 1123 639 at
1124 585 1215 673 certe.
1219 579 1360 657 maxime
1365 575 1433 660 ιιιι-

159 675 248 752 bium
266 705 344 765 esse.
366 683 454 770 Adde
470 684 571 772 quod
569 685 744 762 Vaticanus
763 665 872 762 cobet,
888 702 995 770 quem,
1013 690 1122 766 utpote
1145 667 1201 768 opt
1205 681 1314 768 imum,
1333 681 1372 746 ad
1389 702 1435 748 re·

158 773 325 886 censenda
334 793 497 880 Jugurtbee
516 792 667 877 capitula
679 791 759 858 tue·
763 792 825 856 lta
842 790 989 866 adhibuit
1003 789 1173 868 sardanas,
1197 788 1253 854 boc
1269 789 1336 854 loco
1354 808 1434 854 uon-

158 891 266 990 ιιιιιιιι
292 878 415 965 litteras
437 919 541 983 erasas
564 898 682 1016 praebet
706 908 782 986 post
798 897 930 978 verbum
945 917 1023 976 csse,
1042 895 1126 986 quod
1146 895 1276 982 quidem
1296 893 1433 960 breviori

158 1007 318 1091 scriptura
333 993 466 1088 dubium
487 1004 668 1071 allerenti
641 1024 689 1082 ιιι
706 1011 891 1070 notatur:
875 1036 925 1076 ee.
940 1003 1040 1088 Igitur
1056 1022 1119 1068 non
1134 1001 1339 1069 temerarium
1355 999 1436 1066 vide-

160 1113 260 1191 bitur,
277 1114 302 1180 si
321 1133 435 1202 novam
455 1111 652 1180 difficultatis
666 1111 859 1178 solutionem
872 1110 1068 1196 quaesierim,
1085 1120 1115 1175 et
1126 1107 1240 1204 statim
1252 1107 1373 1174 milites
1387 1127 1436 1188 ce·

157 1233 254 1286 natos
274 1204 341 1284 esse
355 1230 507 1305 tanquam
524 1217 694 1285 relativum
707 1219 913 1292 enunciatum
928 1218 1010 1284 inter
1027 1216 1186 1282 infinitiva
1202 1216 1374 1284 enunciata
1389 1215 1435 1282 io·

158 1326 326 1416 terjectum
338 1325 587 1416 judicaverim
564 1325 574 1364 ¹
605 1325 685 1392 Nam
702 1334 816 1411 praeter
831 1345 928 1412 quam
941 1324 1063 1410 quod'
1037 1343 1104 1409 epus
1115 1323 1222 1390 modi
1215 1322 1436 1410 interpretatio

158 1434 225 1498 vim
253 1451 379 1530 omnem
403 1431 496 1530 uerbi
489 1452 642 1496 taenara
665 1441 781 1512 servat,
812 1451 905 1498 verus
933 1451 1061 1517 quoque
1088 1429 1132 1496 sic
1157 1429 1297 1496 adverbii
1324 1440 1391 1494 stat
1392 1427 1438 1495 c'm

158 1531 271 1604 seusus
287 1559 352 1632 uqa
366 1538 583 1626 corrumpitur
598 1538 694 1624 idque
709 1538 909 1625 conjunctive
926 1537 1106 1604 adhibitum
1121 1557 1187 1604 esse
1205 1535 1438 1654 putandumest

160 1624 317 1731 peculiari
336 1645 429 1711 modo
447 1646 516 1738 qui
518 1665 581 1711 non
597 1648 736 1712 multum
751 1667 769 1711 a
783 1654 914 1712 consuet
916 1664 933 1709 o
950 1644 1122 1730 discrepet3
1139 1652 1217 1708 stata
1207 1642 1253 1709 a'm
1273 1643 1359 1708 enim
1372 1661 1436 1706 nou
1512 1645 1515 1650 '

158 1754 265 1818 solum
279 1773 351 1819 cum
369 1752 533 1840 particulis
545 1752 756 1838 conjunctivis
768 1763 815 1833 ut,
827 1774 877 1832 aa,
894 1762 1005 1840 atquc,
1020 1750 1182 1818 sedetiam
1194 1753 1280 1833 (raro
1294 1749 1438 1836 quidem)

158 1880 233 1926 cum
248 1881 351 1948 quiam
364 1870 394 1925 et
411 1880 527 1947 quum,
545 1880 579 1952 ac
594 1860 722 1946 saepius,
744 1862 794 1925 vel
815 1859 901 1946 apud
915 1860 1111 1936 Ciceronem,
1129 1877 1201 1924 cum
1215 1855 1361 1922 ablativo
1377 1852 1437 1921 ab·

157 1965 267 2032 saluta
281 1951 425 2052 junctum
443 1967 633 2032 invenimus.
653 1967 699 2032 Cf.
718 1967 783 2034 Cic.
801 1965 838 2032 de
860 1967 936 2052 Rep.
955 1967 988 2043 ⁰2,
1011 1965 1066 2044 3ι,
1095 1961 1282 2043 Publicola,
1299 1962 1368 2050 lepc
1382 1960 1440 2028 illa

160 2072 201 2138 cle
211 2071 600 2162 provocatioucperlata,
611 2072 724 2138 statim
733 2093 861 2138 secures
875 2068 915 2154 cle
922 2069 1071 2159 fascibus
1081 2068 1170 2136 demi
1173 2093 1191 2158 p
1197 2068 1278 2135 ussit
1281 2089 1296 2152 ;
1307 2079 1336 2135 et
1349 2068 1438 2135 Orat.

161 2181 218 2258 lO,
237 2181 291 2260 35,
317 2178 379 2246 boc
398 2200 472 2245 sum
491 2200 664 2268 oppressus
686 2178 800 2246 statim
824 2180 950 2246 Cataue
971 2175 1144 2256 absolut03
1171 2177 1210 2242 cl.
1235 2177 1332 2258 etiam
1360 2177 1437 2261 Nep.

159 2289 244 2354 Cim.
283 2287 315 2364 Ξ,
352 2287 384 2366 3,
425 2285 568 2353 bostium
593 2285 735 2352 nauibus
760 2283 865 2374 captis
889 2285 1002 2352 statim
1029 2305 1069 2350 eu
1098 2282 1200 2350 classe
1225 2281 1336 2372 capias
1365 2303 1442 2348 sacas

160 2379 288 2460 educit.
311 2395 461 2460 Nostrum
473 2381 674 2513 exemplum,
692 2395 793 2460 fateor
809 2393 969 2479 equidem,
985 2393 1137 2478 majorem
1155 2389 1324 2456 audaciam
1340 2400 1440 2455 osteu-

159 2503 226 2581 dit;
248 2500 301 2566 sed
319 2501 510 2567 Sallustium
525 2502 615 2566 tritas
630 2501 698 2566 rias
713 2500 849 2566 libenter
869 2499 986 2585 fugisse
1007 2518 1097 2564 nemo
1114 2497 1223 2564 nescit.
1245 2497 1352 2614 Neque
1370 2495 1440 2560 inli-

160 2607 363 2676 tiandumest
373 2607 569 2673 vicinitatem
580 2607 803 2674 historicorum
816 2605 1049 2672 infinitivorum
1058 2613 1244 2692 perattract
1245 2601 1352 2668 leuem
1361 2604 1442 2668 mul-

163 2725 232 2781 tum
258 2714 396 2780 valuisse
423 2713 463 2780 ad
480 2725 628 2780 nostram
650 2713 841 2780 locutionem
857 2711 1094 2789 adducendam
1115 2711 1155 2776 cl
1184 2710 1279 2790 intra,
1307 2730 1338 2796 p
1363 2691 1439 2786 162,

162 2821 620 2908 animadversionemadlog.
644 2821 739 2900 53(
724 2840 752 2885 ι.
774 2815 1443 2907 PraeterealitteraeerasaeiucodiceVati-

160 2948 243 2994 cano
258 2929 377 3012 largam
391 2927 579 3012 conjectoris
594 2927 761 2992 materiem
777 2926 930 3012 praebent,
948 2946 983 2991 ac
996 2926 1104 2991 forsan
1120 2924 1238 3010 aliquis
1252 2923 1301 2988 vir
1315 2922 1439 3000 doctus,

161 3019 248 3101 felici
268 3034 419 3122 instinctu
441 3033 581 3119 adjutus,
598 3034 763 3100 meliorem
778 3031 876 3099 nostri
903 3032 962 3116 loci
985 3030 1244 3117 explanationem
1260 3029 1363 3116 sagaci
1380 3049 1441 3096 res·

162 3143 313 3208 titutione
337 3142 450 3207 allerre
469 3141 585 3226 poterit
607 3123 619 3205 :⁴
637 3161 692 3226 ego
712 3160 787 3206 vero
816 3159 865 3218 ea,
892 3139 1025 3206 lersitau
1055 3138 1156 3206 fusius
1185 3137 1354 3222 explicata,
1377 3156 1440 3202 non

164 3249 296 3340 omnino
314 3247 443 3313 inutilia
458 3247 524 3331 lore
541 3247 717 3314 existimari
733 3247 756 3312 ².
813 3301 820 3310 .

210 3357 243 3422 6ο
261 3353 388 3436 Quibus
400 3341 601 3442 temporibus
615 3357 744 3420 nitatur
758 3352 933 3420 historicus.
946 3351 1139 3442 infinitivus.
1156 3388 1201 3401 -
1216 3352 1278 3418 Sed
1293 3351 1359 3417 haec
1375 3352 1445 3418 bac·
1504 3409 1508 3420 .
1556 3378 1560 3388 ·

165 3474 257 3529 tenus
285 3482 399 3528 :nunc
421 3463 539 3547 quibus
567 3461 764 3548 temporibus
794 3460 893 3526 struitis
917 3460 1040 3526 nitatur
1068 3457 1246 3528 infinitivus
1273 3459 1443 3525 historicus

166 3569 253 3656 apud
270 3569 459 3634 Sallustium
477 3569 564 3653 (nam
583 3569 621 3634 de
638 3569 696 3634 boc
711 3569 778 3634 solo
805 3577 933 3632 auctore
959 3566 1009 3632 hic
1037 3566 1170 3652 agitor),
1199 3566 1344 3647 indicatis
1370 3548 1440 3632 tan·

166 3687 246 3756 tum,
264 3695 329 3741 non
345 3674 484 3741 laudatis
499 3677 665 3760 exemplis
681 3694 873 3761 quaeramus.
898 3673 1065 3764 Notionem
1088 3675 1192 3739 solum
1208 3673 1355 3751 actionis,
1373 3693 1444 3759 quae

166 3783 296 3870 quidem
312 3802 375 3848 non
396 3782 457 3847 nisi
479 3782 511 3846 in
531 3782 694 3868 praeterito
714 3781 782 3848 beri
805 3788 916 3867 potest,
939 3780 1125 3846 historicum
1148 3779 1342 3845 infinitivum
1359 3799 1442 3864 pra-

166 3891 240 3956 bere
251 3891 319 3976 ‚jam
330 3889 495 3955 docuimus
502 3915 511 3969 ;
526 3889 821 3976 quapropterfiuito
837 3899 978 3973 tempore
991 3887 1082 3952 inuiti
1101 3889 1192 3967 solet,
1207 3886 1292 3972 quod
1304 3905 1443 3951 momen-

168 4008 235 4062 tum
255 3995 407 4082 temporis
422 3995 566 4075 definiat,
582 4018 644 4083 quo
661 3996 793 4062 diversae
809 3995 948 4062 actiones
960 3994 1052 4080 juxta
1067 3987 1182 4079 ‘positae
1199 4004 1293 4080 atque
1314 3993 1397 4058 inter
1412 4012 1444 4056 se

169 4114 367 4186 occursantes
381 4113 567 4189 appareant.
587 4103 676 4183 Quod
693 4103 822 4188 quidem
839 4113 975 4188 tempus,
989 4110 1024 4167 ut
1036 4121 1093 4186 par
1104 4111 1161 4180 est,
1180 4099 1442 4187 autpersectum.
1462 4159 1465 4168 .

169 4219 224 4294 aot
246 4230 392 4302 presens
418 4208 622 4290 laa'stam'cum,
646 4219 701 4275 aut
724 4207 966 4298 imperfectum,
989 4217 1043 4274 eut
1062 4205 1442 4296 plusquamperfectum,

169 4337 234 4384 esse
251 4327 367 4402 potest3
383 4316 539 4403 futurum
560 4337 634 4402 vero
650 4318 698 4382 vel
711 4336 855 4404 praescus
871 4315 935 4380 veri
958 4315 1098 4382 nominis
1122 4315 1212 4379 nullo
1233 4313 1325 4378 modo
1346 4333 1442 4379 usur·

170 4423 238 4509 par'i
256 4443 346 4508 posse
361 4443 398 4488 ex
415 4424 452 4488 iis
467 4423 614 4510 omnibus
630 4432 716 4508 patet
730 4443 801 4510 quae
816 4442 914 4510 supra
930 4421 1171 4508 explicavimus.
1191 4421 1378 4508 Persectum
1398 4419 1444 4484 in-

201 4585 222 4630 l.
239 4579 296 4636 Qua
307 4579 339 4628 de
363 4595 442 4629 causa
456 4581 494 4629 in
484 4579 689 4644 erpunclionem
703 4585 762 4644 post
775 4579 855 4629 verbe
866 4580 975 4630 cenatas
989 4591 1058 4638 esse
1080 4578 1193 4628 sicutet
1168 4583 1266 4641 etpost
1290 4575 1446 4641 perticulam

170 4665 209 4713 ac,
223 4650 367 4715 posuimus.

200 4721 359 4772 aTbomas
378 4721 527 4804 (lugurtba,
545 4737 570 4786 p.
589 4723 653 4786 tes),
668 4720 1007 4772 cumcodiooBruxellensi
1023 4722 1099 4770 lbss3l
1115 4720 1153 4782 ιΖ)
1171 4718 1281 4769 scribit:
1294 4733 1327 4770 ue
1348 4717 1444 4770 statim

171 4793 269 4844 milltes
281 4807 346 4844 certa
348 4800 390 4842 tos
405 4805 467 4854 esse,
484 4792 608 4857 iput'sque
622 4797 648 4844 la
663 4797 760 4845 easlrt‘s
771 4807 850 4858 quem
863 4794 1046 4844 creberrumos
1056 4788 1123 4855 beri.
