3666 5724
732 465 905 521 „45-

180 611 236 690 98,
253 611 287 686 6,
303 607 370 676 Sed
383 608 524 696 lepioues
540 631 600 698 pcc
627 605 759 674 Italiam
776 605 938 694 Rdepium
957 618 1058 694 utque
1074 604 1149 672 inde
1169 607 1331 690 Siciliam,
1350 631 1452 699 porco

181 739 223 784 ea
237 717 352 785 Sicilia
363 715 556 804 iurisrc'cum
567 726 771 794 transvecta;
786 714 920 800 figurato
931 735 1024 781 sensu
1040 738 1046 780 :
1062 716 1091 781 J.
1109 715 1164 795 95,
1180 717 1199 780 7
1215 715 1351 782 timebat
1366 717 1453 784 irum

179 837 312 891 screatus
325 849 338 901 ;·
348 841 455 913 porro
480 825 537 909 (z
555 821 609 888 sed
628 821 692 887 4444
711 841 748 886 ex
764 825 866 908 parte)
889 820 1021 887 unimus
1040 817 1193 910 cupidine
1213 843 1316 890 caccus
1339 823 1385 889 od
1403 824 1455 890 iu-

180 944 313 1022 ccptum
325 927 606 1018 scelusr·upiebut;'
618 929 677 1012 (uf.
693 927 761 995 Cat.
779 929 833 1008 46,
849 928 903 1007 46,
920 930 953 1010 9,
970 927 1024 994 ubi
1035 949 1138 1017 porro
1149 955 1193 988 z
1205 927 1336 1018 loupius
1344 915 1455 1020 proce·

182 1039 302 1123 decido,
315 1037 415 1106 ultius
434 1036 636 1126 copituudu).

226 1145 340 1215 Simul
351 1147 460 1213 erebro
476 1145 633 1211 connectit
643 1143 828 1217 sententias.
847 1142 900 1236 ubi
914 1142 997 1210 adid
1012 1143 1098 1232 quod
1113 1144 1147 1210 in
1162 1145 1272 1231 aliqua
1288 1167 1321 1213 re
1333 1147 1456 1238 grauis-

182 1255 302 1321 simum
317 1264 363 1320 est
387 1252 537 1340 adjicitur
556 1251 641 1338 quod
662 1251 695 1317 in
720 1249 829 1316 eadem
851 1271 884 1316 44
900 1265 962 1316 non
990 1251 1113 1330 minimi
1135 1254 1275 1318 nomenti
1301 1265 1364 1319 cst:
1387 1255 1454 1320 Cat.

185 1364 240 1441 46,
258 1363 294 1440 dg
314 1362 366 1439 47,
384 1361 421 1440 7;
441 1359 493 1439 49,
510 1360 548 1436 9,
566 1361 620 1436 90,
638 1359 675 1430 3:
693 1359 801 1438 56,·5;
818 1357 873 1438 58,
892 1366 927 1438 4,
942 1359 1014 1444 Jug.
1034 1360 1066 1440 4,
1083 1359 1118 1440 4;
1136 1360 1190 1436 40,
1210 1361 1245 1440 4,
1266 1351 1390 1440 409,’5.

236 1471 329 1548 Vero,
351 1467 375 1533 si
396 1477 550 1552 sequatur
574 1483 756 1551 pronomem
782 1475 837 1530 aut
863 1465 1048 1530 adverbium
1073 1464 1372 1547 demonstrativum,
1395 1469 1457 1535 vim
1549 1455 1552 1463 ’

184 1574 358 1664 quamdam
387 1575 560 1640 oratoriam
589 1572 725 1638 sermoni
751 1570 852 1651 addit,
881 1584 918 1638 ut
942 1573 1014 1658 Jug.
1035 1574 1089 1652 50,
1104 1575 1137 1652 6,
1158 1572 1219 1640 Siu
1243 1555 1460 1664 opportunior

182 1685 277 1772 supa
290 1679 380 1748 collis
402 1701 504 1768 quom
528 1678 639 1766 compi
649 1678 800 1766 scierunt,
821 1698 860 1743 co
879 1697 955 1742 uero
975 1679 1121 1745 consueti
1137 1678 1363 1747 Numidarum
1382 1682 1462 1769 epici

183 1787 289 1878 facilc
302 1788 387 1854 iuter
402 1785 546 1873 uirpultu
561 1781 712 1861 couderc;
730 1785 782 1867 (44.
799 1787 865 1850 Cat.
880 1785 935 1862 37,
949 1787 967 1852 4
977 1808 986 1863 ;
1003 1787 1058 1858 58,
1073 1787 1130 1867 46;
1143 1787 1170 1852 J.
1185 1785 1304 1872 58,‘3);
1322 1789 1460 1854 -simi·

188 1900 263 1962 liter
279 1906 437 1962 tumuere
454 1895 493 1975 (J.
511 1892 567 1969 84,
583 1894 597 1958 4
613 1917 621 1971 ;
636 1893 691 1973 94,
709 1891 744 1972 3;
764 1891 840 1970 404,
857 1893 894 1972 6;
914 1892 948 1958 C.
965 1893 1020 1970 64,
1036 1894 1084 1978 4);
1100 1932 1141 1942 -
1157 1897 1459 1996 uurffioeroffidd,

150 2043 155 2052 ·
189 2005 252 2082 40;
273 2002 328 2080 58,
343 2003 383 2079 5;
404 2000 432 2065 J.
452 2000 505 2078 44,
523 2000 575 2082 47)
591 2023 598 2076 ;
615 1997 770 2086 -·quosi
783 1993 870 2078 uero,
888 1998 957 2064 Cat.
977 1999 1032 2077 69,
1051 2001 1091 2065 45
1110 1999 1206 2087 quusi
1223 2022 1299 2065 uero
1314 1999 1398 2067 muli
1409 2013 1462 2067 ut-

186 2130 252 2198 que
270 2105 395 2174 scelesti
406 2117 536 2172 tuntum
548 2103 645 2170 modo
661 2105 695 2170 iu
710 2103 791 2170 serbe
808 2115 839 2170 et
851 2125 917 2169 icore
926 2126 989 2194 pcc
1002 2116 1105 2172 totum
1120 2105 1255 2173 Itolium
1270 2107 1353 2192 sint;
1367 2145 1411 2157 -
1427 2120 1462 2173 tu

187 2236 264 2282 uero
281 2215 331 2297 (H.
353 2235 394 2290 nv,
410 2214 463 2291 49,
480 2212 553 2299 49);
569 2247 614 2260 -
628 2209 689 2276 tibi
701 2232 776 2276 uero
793 2213 832 2295 (J.
846 2211 921 2292 409,
939 2213 989 2296 7);
1006 2211 1159 2279 -immo
1169 2235 1245 2298 uero
1260 2215 1307 2297 (C.
1321 2217 1376 2295 59,
1393 2217 1461 2299 98).

234 2325 269 2389 4ο
283 2320 607 2390 Seorsumtractanda
617 2302 742 2384 videtur
753 2319 867 2385 locutio
877 2318 1043 2408 inpensius
1051 2317 1147 2386 modo
1159 2322 1242 2406 quod
1256 2323 1303 2388 bis
1315 2318 1465 2409 inJugur·

172 2476 173 2480 =
191 2430 245 2496 tha
262 2429 397 2516 legitur:
430 2429 484 2504 47,
506 2427 526 2492 3
547 2424 851 2511 c'uteriucuepotio
867 2425 1464 2516 ,1444444744444444444444444444444444

189 2533 353 2626 supplices
380 2533 527 2609 mittcrc;
550 2534 638 2612 75,4
672 2533 724 2598 Eu
752 2531 838 2620 supe
856 2531 1023 2620 Jupurtliu
1047 2533 1213 2622 inpensius
1243 2534 1340 2601 modo
1368 2535 1465 2602 rebius
1523 2591 1525 2596 .

189 2641 260 2710 suis
284 2639 448 2730 diffidens.
470 2643 546 2721 Quae
562 2641 679 2706 4444444
700 2639 785 2724 apud
803 2639 987 2706 Ciceronem
1010 2660 1045 2705 ae
1064 2642 1219 2708 Caesarem
1247 2644 1340 2727 plane
1365 2643 1464 2722 deest,

192 2757 324 2836 excepto
343 2749 491 2814 4444444
509 2735 684 2826 dicereris,
706 2744 744 2810 ad
761 2747 835 2812 iam.
858 2767 925 2822 444,
944 2747 999 2824 64,
1021 2745 1052 2812 5.
1071 2732 1211 2814 Kritzius
1227 2745 1319 2835 (adJ.
1338 2751 1392 2830 47,
1410 2751 1463 2836 3),

191 2853 362 2948 inpensius
382 2875 483 2944 picum
502 2851 619 2920 modus
636 2850 829 2942 potiebatur
848 2854 962 2941 (supro
981 2851 1129 2938 modum)
1144 2855 1391 2941 interpretatum
1412 2859 1466 2923 Ja-

193 2964 332 3041 cobsius,
354 2981 448 3048 quem
464 2957 644 3026 Freuudius
659 2958 817 3044 sequium,
833 2956 930 3024 modo
948 2959 1134 3026 adverbium
1152 2982 1219 3027 csse
1245 2962 1290 3027 ait
1302 2964 1386 3050 quod
1402 2965 1466 3030 vim

195 3069 285 3140 addit
311 3068 475 3136 sementim
496 3077 526 3133 et
551 3067 798 3152 interpretatur:
819 3063 1009 3153 diiipeutior
1027 3088 1128 3155 quum
1160 3080 1271 3149 cretea,
1303 3071 1352 3136 vel
1379 3092 1466 3137 rcunc

190 3175 341 3268 primum
357 3172 507 3262 dilipeos,
524 3182 554 3239 et
570 3173 613 3240 544
625 3171 774 3237 adverbio
788 3171 885 3238 modo
900 3175 1383 3262 temporalemsignificationem
1393 3179 1467 3242 assi·

195 3304 294 3372 gnare
321 3283 459 3361 videtur,
480 3284 607 3349 Maraeu
628 3299 700 3346 vero
726 3282 772 3363 (in
798 3279 937 3346 editione
957 3281 1037 3347 Sall.
1059 3303 1090 3368 p.
1117 3283 1193 3366 960)
1219 3279 1316 3348 modo
1341 3284 1470 3370 expleti-

195 3409 358 3458 vum'esse
377 3399 492 3468 censet,
511 3398 546 3455 ut
560 3408 697 3453 numero
711 3387 742 3452 in
754 3387 912 3454 locutione
923 3375 1010 3476 'sape
1025 3410 1180 3469 urcmcr03
1200 3391 1296 3476 paulo
1318 3392 1469 3456 subtilius

195 3499 333 3564 Thomas
349 3497 442 3582 (8444.
470 3493 562 3575 edit,
579 3495 679 3574 Mons,
708 3493 806 3579 4877)
826 3495 946 3560 4444444
967 3497 1025 3561 hoe
1048 3496 1201 3582 gallicum
1228 3518 1269 3562 uc
1289 3496 1468 3585 scireque,

198 3604 254 3672 ubi
271 3606 361 3670 nulia
375 3603 559 3690 temporalis
579 3599 822 3688 significationis
843 3603 973 3688 vestigia
989 3613 1155 3689 apparent.
1174 3603 1265 3683 Quod
1279 3603 1317 3670 ad
1333 3625 1382 3670 me
1403 3604 1472 3670 atti·
1491 3625 1494 3632 ¹

198 3721 265 3792 net,
281 3710 417 3778 Jacobsii
439 3709 735 3794 interpretationem
756 3707 888 3774 dubiam
912 3729 991 3790 esse,
1006 3730 1109 3796 neque
1132 3710 1378 3796 alteriexemplo
1404 3713 1471 3777 ulio

197 3818 292 3886 modo
316 3818 482 3884 convenire
502 3836 592 3902 posse
608 3815 758 3894 arbitror,
776 3835 876 3901 quum
898 3815 965 3900 jam
990 3817 1022 3882 44
1048 3816 1236 3903 praecedenti
1272 3818 1473 3908 paragrapho

197 3925 314 3994 dixerit
334 3925 508 3991 Sallustius
523 3923 561 3989 de
582 3923 700 3989 incerto
723 3932 817 4010 atque
834 3923 928 3989 anxio
952 3923 1109 4007 iugurtha
1137 3925 1257 4004 animo,
1285 3921 1472 4009 priusquam

199 4053 320 4121 pugna,
342 4033 452 4117 inqua
479 4031 580 4096 vietus
595 4040 653 4106 est,
670 4029 837 4096 commissa
856 4039 947 4096 esset.
965 4031 1078 4097 Kritzii
1104 4051 1177 4096 vero
1203 4031 1393 4097 sententiam
1411 4052 1473 4097 non

199 4141 245 4207 ita
261 4137 432 4206 absurdam
443 4136 552 4216 vide03
575 4137 627 4219 (ci.
645 4137 725 4200 Hist.
741 4156 782 4209 nv„
801 4135 842 4201 44
854 4134 984 4202 uuidior
999 4135 1096 4203 ruodo
1102 4134 1313 4226 properandi
1323 4139 1447 4228 soctccs)
1462 4165 1470 4218 ς

199 4245 287 4333 quod
307 4244 412 4311 sieam
429 4242 566 4330 rejicias,
588 4252 685 4307 restat
701 4251 737 4306 ut
757 4243 844 4306 411444
860 4243 997 4321 Maraeu,
1024 4263 1220 4330 quamquam
1241 4264 1302 4309 non
1323 4246 1477 4330 exemplis

200 4353 380 4440 probatam,
407 4371 464 4438 pro
492 4369 567 4415 vera
588 4348 792 4434 accipiamus.
812 4345 958 4415 Ceterum
982 4369 1045 4416 non
1069 4349 1177 4436 negari
1209 4359 1311 4437 potest
1328 4351 1377 4416 his
1399 4352 1476 4419 duo·

202 4463 262 4526 bus
279 4458 354 4524 44445
371 4458 466 4544 paulo
480 4455 694 4523 obscuriorem
709 4475 775 4520 esse
795 4475 933 4520 sensum.

247 4567 281 4631 5⁰
304 4565 366 4631 Eo.
382 4599 427 4614 -
445 4563 622 4630 Partieuias
641 4563 698 4627 4444
724 4559 793 4637 ubi,
814 4559 862 4626 ibi
876 4560 986 4628 tutiore
1000 4562 1233 4650 significatione
1254 4584 1312 4651 pro
1328 4561 1477 4630 demons-

200 4673 316 4740 trativo
328 4671 514 4759 pronomine
524 4669 641 4756 positas
653 4688 817 4734 occurrere
827 4667 1110 4752 suprrdocuimus.
1126 4671 1182 4736 His
1194 4671 1324 4758 adjungi
1338 4670 1474 4737 debent:

201 4780 269 4846 duc
299 4781 338 4865 (J.
359 4781 413 4855 47,
438 4781 492 4862 9);
514 4796 579 4864 quo
608 4777 647 4860 (4.
679 4775 734 4852 66,
751 4777 788 4863 9;
813 4776 888 4852 403,
917 4776 965 4859 4);
994 4775 1061 4843 illic
1078 4778 1172 4863 (Hist.
1203 4800 1249 4855 ur,
1268 4780 1347 4862 50);
1376 4776 1475 4856 444444,

1325 4884 1333 4912 i

929 4908 932 4914 ’
966 4954 968 4958 .
1323 4901 1339 4936 4
