3576 5724
657 481 708 502 -.
723 449 785 510 237
812 482 852 494 -

114 597 169 666 ubi
198 607 303 665 tomen
327 619 432 688 neque
455 597 504 666 bis
537 597 570 666 in
596 609 769 687 prtegresso
791 598 921 687 periodo
941 599 1042 680 inest;
1072 599 1112 666 ct.
1141 619 1250 688 neque
1276 599 1389 671 minus

114 706 154 788 (J.
173 706 230 787 98,
248 707 293 790 4).

155 812 356 898 Exptiootira
376 812 565 900 significatio
580 823 681 882 exstet
698 816 726 882 4.
750 815 826 894 442,
841 814 883 895 ,3,
902 823 973 883 tum
987 813 1063 903 sore
1081 811 1133 880 uti
1139 811 1239 902 jussu
1252 825 1388 885 senatus

111 911 297 1009 outpo'puli
309 917 571 1008 Romanisoedus
582 920 690 1009 fieret,
706 941 811 1009 neque
820 919 987 988 bominem
1001 917 1144 988 nobilem
1155 918 1307 988 relietum
1322 919 1368 988 iri
1373 942 1387 1003 ;

110 1027 149 1092 H.
168 1047 191 1104 r,
206 1027 259 1102 45,
277 1027 333 1106 24,
348 1047 452 1114 neque
464 1025 562 1091 aliter
576 1025 830 1115 rempublicam
846 1037 878 1094 et
892 1025 968 1094 belli
978 1026 1082 1114 finem
1094 1025 1155 1107 ait,
1171 1026 1247 1109 nesi,
1265 1037 1339 1095 eto..

155 1131 424 1198 Proedrersatiro
434 1133 592 1218 porticula
602 1133 741 1218 positum
753 1144 799 1199 est
809 1135 824 1199 J
830 1153 879 1219 og.
892 1133 948 1212 20,
963 1134 1034 1212 56,
1047 1132 1108 1220 qui
1118 1131 1315 1220 (Adherbal)
1331 1169 1387 1216 -,

104 1237 206 1329 prius
223 1249 333 1304 tomen
352 1239 465 1305 omniu
478 1238 555 1327 peti
568 1237 720 1318 decreuit,
741 1259 843 1326 prtem
864 1237 986 1309 bellum
994 1261 1132 1320 suniero,
1150 1239 1231 1328 quio
1248 1251 1385 1330 tempta·

112 1358 183 1411 tum
206 1341 354 1430 (bellurn)
374 1357 473 1411 anteo
491 1366 582 1416 secus
600 1355 746 1412 cesserat.
764 1347 876 1436 Neque
892 1365 929 1412 eo
948 1346 1056 1434 maqic
1075 1344 1196 1436 opido
1214 1347 1388 1436 trequrtbtt

113 1450 343 1533 minuebatur3
363 1452 464 1536 (44.4.
486 1454 541 1529 34,
556 1454 615 1532 27;
633 1454 688 1532 57,
716 1452 755 1532 3;
776 1454 851 1532 405,
877 1454 917 1531 2,
934 1454 972 1520 H.
990 1475 1012 1532 1,
1027 1453 1101 1538 89);
1123 1455 1158 1521 C.
1181 1455 1237 1534 24,
1268 1455 1300 1534 3,
1313 1466 1391 1544 post

113 1557 172 1625 ubi
189 1570 271 1625 tetes
286 1569 415 1624 tuntum
434 1555 531 1624 niodo
551 1558 692 1647 questui
709 1579 813 1646 neque
827 1558 970 1626 lururiee
988 1557 1124 1629 modurn
1136 1561 1274 1649 fecerat.
1340 1613 1341 1618 ,

158 1668 194 1732 50
221 1667 371 1752 Quoque.
1114 1729 1117 1742 .

160 1775 300 1861 (istoque
320 1772 405 1866 opud
431 1773 622 1840 Sallustium
644 1771 723 1839 sotis
752 1791 861 1840 rurum
883 1783 948 1852 est;
974 1772 1022 1840 bis
1055 1772 1142 1842 eninr
1169 1773 1387 1844 tantummodo

116 1880 222 1946 inveni
242 1904 251 1946 ι
268 1881 296 1946 4.
319 1881 374 1957 79,
390 1881 411 1945 2
427 1889 457 1946 et
473 1880 510 1945 H.
531 1879 592 1946 inc.
611 1879 666 1946 45.

159 1987 195 2053 6ο
214 1987 284 2068 Que
301 1986 411 2052 etiem.

156 2093 305 2160 Notando
339 2105 386 2160 est
406 2092 570 2160 rarissimo
592 2091 850 2180 conjunctioque
883 2091 997 2176 etiam,
1012 2093 1084 2182 Jug.
1104 2095 1136 2173 t,
1166 2094 1199 2172 5,
1215 2092 1388 2184 multaque

115 2200 215 2266 etium
232 2197 422 2289 periculoso
438 2209 574 2288 petrent3
594 2199 647 2285 (ci.
662 2199 748 2265 Suet.
772 2201 861 2288 Vesp.
881 2199 950 2285 44).
966 2235 1008 2250 —-
1026 2198 1226 2268 Etiamnum
1241 2203 1386 2288 negativo

117 2307 280 2385 adverbio,
298 2306 351 2373 uhi
370 2327 455 2372 ne-
466 2303 599 2394 quidem
614 2315 861 2391 exspectaretur,
881 2307 920 2372 H.
942 2327 966 2386 1,
983 2307 1039 2387 54,
1054 2307 1088 2387 6,
1100 2309 1271 2395 'rrrtsquain
1285 2307 1385 2376 etiem

117 2425 185 2480 tum
206 2411 367 2500 Lepidum
380 2431 596 2502 propresrum
611 2410 757 2478 aiebant.
920 2413 923 2420 '
1219 2402 1224 2418 ¹

156 2522 175 2587 7
179 2527 190 2554 ⁰
207 2518 487 2609 Copulotioarum
502 2517 747 2608 particulorum
770 2517 856 2586 inter
868 2538 902 2586 se
916 2517 1018 2587 ocrim
1031 2518 1288 2607 conjunctiones.

157 2649 231 2693 o-
246 2629 364 2708 (buret,
376 2626 408 2692 in
418 2626 641 2714 polysyndetis,
652 2645 723 2712 quae
735 2625 914 2711 conjunctio
926 2625 1011 2712 apud
1022 2626 1218 2704 Ciceronem,
1229 2628 1385 2696 Caesarem

119 2755 152 2801 44
182 2735 337 2821 Nepotem
369 2734 467 2812 deest,
502 2742 533 2800 et
558 2742 700 2799 veterum
723 2743 888 2818 poetarum
914 2745 973 2812 est,
995 2734 1112 2819 seepius
1138 2755 1156 2801 4
1179 2735 1336 2804 Sallustio
1353 2736 1385 2802 in

118 2842 271 2927 iugurtha
289 2853 443 2927 usurpato
457 2851 543 2920 sunt,
563 2840 616 2906 sed
634 2859 761 2924 sempor
777 2840 821 2905 ita
840 2849 950 2927 utque
964 2840 1143 2927 pronomini
1161 2840 1385 2911 autodrerbio

119 2948 362 3016 demonstrativo
378 2945 563 3034 adjunctum
579 2947 632 3026 sit,
652 2962 685 3012 ut
700 2948 729 3012 J.
748 2947 804 3026 26,
815 2947 853 3027 ’4,
870 2945 922 3014 uti
933 2967 1031 3034 seque
1046 2957 1078 3014 et
1087 2946 1250 3041 oppidum
1262 2951 1384 3037 lupur-

121 3053 179 3120 tte
194 3051 307 3120 trudet
322 3056 375 3136 (ci.
395 3055 423 3119 J.
442 3055 497 3132 55,
516 3055 531 3119 4
548 3076 556 3133 ;
578 3055 633 3134 94,
655 3055 706 3138 2);
722 3055 751 3120 J.
770 3054 846 3133 404,
865 3054 896 3132 4,
913 3051 1052 3140 illosque
1069 3063 1103 3120 et
1115 3051 1264 3134 Sullam3
1285 3056 1384 3142 (44.4.

120 3161 171 3240 76,
186 3163 219 3240 6,
241 3181 306 3250 que
318 3172 402 3227 et-
421 3166 482 3247 et);
498 3163 527 3227 4.
543 3159 599 3241 89,
621 3161 654 3240 7,
671 3158 781 3248 ibique
802 3171 834 3226 et
851 3159 989 3226 inomni
1004 3157 1141 3247 Afrieo;
1156 3161 1197 3228 ct.
1215 3163 1288 3228 Tac.
1303 3163 1383 3230 Hist.

121 3287 160 3346 iv,
190 3270 211 3335 2
230 3280 261 3335 et
278 3270 319 3335 42
332 3278 363 3334 et
375 3263 513 3346 Livium,
531 3268 586 3355 qui
606 3267 669 3334 duo
686 3268 884 3334 substantivo
902 3266 1060 3354 praecipue
1074 3268 1119 3336 sio
1131 3267 1249 3353 jungit.
1277 3305 1324 3322 -
1343 3271 1387 3338 Si·

121 3376 235 3442 militer
248 3395 313 3464 que
330 3413 375 3427 —
386 3395 450 3464 que
464 3373 615 3442 Sallustio
632 3373 830 3441 usitatiorem
843 3375 1109 3444 constructionem
1124 3394 1192 3442 esse
1217 3395 1314 3462 supra
1331 3375 1387 3444 de·

123 3483 373 3550 monstravimus.
389 3482 552 3570 -rttque
564 3517 610 3534 -
623 3481 830 3570 praeoccurrit
848 3482 920 3568 Jug.
939 3481 995 3559 95,
1013 3482 1044 3560 4,
1060 3479 1277 3568 4144444444-
1291 3503 1386 3552 num·

25 3641 27 3683 ,
124 3607 217 3674 quem
236 3611 336 3680 super
351 3589 549 3657 industrium
563 3591 700 3676 fortuma
711 3588 792 3678 serit,
803 3586 967 3677 multique
981 3583 1184 3656 dubitavere.

163 3699 195 3764 in
221 3701 319 3766 trium
334 3699 548 3764 membrorum
567 3697 790 3784 conjunctione
811 3697 1000 3784 pierumque
1020 3695 1160 3768 occurrit
1190 3731 1236 3750 -
1264 3707 1384 3785 putet:

124 3804 188 3890 bug.
209 3808 264 3888 74,
278 3807 311 3886 3,
326 3803 415 3895 fidus
435 3815 650 3894 acceptusque
671 3815 703 3870 et
719 3802 869 3870 omniurn
887 3800 1100 3870 consiliorum
1117 3800 1184 3868 nisi
1206 3803 1390 3871 novissumi

123 3911 293 4003 particeps,
323 3913 378 3980 ubi
402 3912 581 3980 notandum
605 3921 658 3977 est
677 3909 741 3977 duo
762 3909 870 3996 priora
888 3908 1035 3980 membro¹
1064 3908 1218 3976 inunum
1243 3929 1388 3996 compre-

125 4016 211 4086 hendi
231 4040 320 4107 posse
333 4030 363 4086 et
383 4019 467 4085 inter
490 4039 535 4095 se,
555 4029 588 4085 ut
610 4017 702 4097 solet,
719 4016 782 4083 otiu
799 4016 957 4103 porticulo
980 4015 1125 4102 copulari
1143 4026 1239 4102 atque
1260 4017 1387 4084 tertium
1473 4010 1476 4016 ’

127 4128 316 4208 444464444;
333 4125 484 4192 similiter
500 4125 571 4211 lug.
592 4125 647 4205 24,
666 4125 704 4201 3;
727 4125 781 4204 34,
798 4124 912 4202 2;62,
936 4123 950 4188 4
967 4146 976 4202 ;
999 4122 1055 4201 78,
1077 4120 1118 4202 3;
1140 4122 1195 4201 80,
1217 4124 1231 4190 4
1249 4123 1327 4203 ;84,
1348 4124 1386 4202 2;

129 4230 178 4311 94,
194 4235 211 4300 3
220 4258 228 4314 ;
245 4235 324 4301 Hist'.
341 4252 378 4314 n,
394 4234 449 4313 50,
466 4231 486 4299 3
507 4243 537 4300 et
556 4232 593 4313 83
615 4251 661 4311 m,
688 4232 718 4310 4,
733 4231 756 4295 4
775 4251 849 4310 3111,
869 4229 924 4306 77,
944 4229 1083 4308 iO·otc.;
1114 4227 1233 4296 dubius
1262 4227 1388 4310 ridetur

130 4335 208 4405 locus
222 4342 291 4428 tog.
320 4343 376 4420 62,
398 4341 431 4420 8,
452 4337 512 4406 nbi
534 4337 639 4405 ermis
655 4336 811 4426 uirisque,
833 4347 865 4404 et
882 4333 1027 4426 pecunia
1043 4333 1203 4424 spoliatus
1231 4345 1288 4400 est.
1310 4334 1389 4403 nne

130 4446 356 4531 conjunctiones
370 4449 418 4514 hae
433 4447 496 4514 iere
511 4453 586 4512 sunt
601 4469 608 4511 :
626 4455 726 4532 otpue
736 4455 771 4510 et
784 4447 830 4528 (et
843 4479 888 4496 -
899 4446 1013 4530 atque)
1031 4466 1038 4510 :
1055 4445 1126 4528 tog.
1145 4442 1200 4520 76,
1217 4442 1250 4519 6,
1266 4463 1390 4508 curum

133 4559 216 4637 utque
234 4565 407 4644 arpentum
421 4562 504 4618 -et
518 4550 587 4618 atio
600 4553 673 4640 quoe
681 4550 799 4640 primo
815 4547 983 4618 ducuntur
1000 4547 1054 4632 (44.
1068 4547 1097 4612 4.
1120 4548 1194 4628 4,8;
1211 4549 1264 4628 44,
1284 4547 1316 4628 4;
1332 4547 1387 4634 85,

135 4657 181 4739 46,
194 4661 268 4729 Hist.
284 4683 306 4740 r,
321 4663 380 4743 46,
393 4662 462 4743 344,
476 4661 531 4740 54,
549 4659 611 4740 49,
631 4677 677 4736 ιιι,
695 4658 750 4738 77,
769 4657 806 4724 44
822 4681 829 4734 ;
847 4656 937 4742 etc.);
954 4690 999 4709 ·-
1013 4673 1076 4742 qne
1089 4689 1134 4704 -
1146 4674 1210 4741 que
1223 4653 1361 4738 (rarius)
1380 4677 1387 4719 :

133 4761 198 4851 lug.
221 4769 274 4848 66,
296 4771 329 4849 3,
362 4766 567 4836 centuriones
590 4763 799 4851 tribunosque
818 4761 979 4832 militares
995 4796 1042 4813 --
1055 4760 1230 4850 ipsumque
1254 4759 1398 4853 prefer

1216 4868 1248 4919 to
