3666 5724
762 424 942 481 ..75-

214 565 295 644 tlt,
312 565 343 643 l,
362 561 559 642 amicitiam,
568 559 694 650 statius,
705 560 873 636 Numidia
885 573 1028 650 partem,
1045 584 1148 651 qttam
1161 584 1250 629 itone
1261 577 1400 652 peteret,
1412 578 1490 632 ncnc

210 669 304 736 ultro
318 667 548 736 adventuram.
567 670 607 736 At
620 669 652 734 iu
668 668 726 734 boc
736 673 836 734 altero
851 670 995 755 exemplo
1010 670 1074 736 duo
1085 670 1191 756 reipsa
1205 671 1372 737 enuntiata
1388 673 1489 738 inesse

210 798 309 844 nemo
322 789 370 842 cst
383 777 462 862 quin
478 776 604 842 videat:
624 777 775 861 primurn,
790 777 841 863 cuj
847 796 882 842 us
897 776 1081 842 amicitiam
1096 787 1128 842 et
1138 779 1249 864 foedius
1263 778 1405 863 subjecta
1425 781 1490 845 sint

208 884 369 970 cujusque
388 869 519 950 verbum
544 883 637 962 desit,
658 885 795 948 alterum
822 903 896 948 vero
920 903 957 950 ex
977 883 1102 948 usitatis
1122 885 1245 968 legibus
1258 897 1485 952 constructum.

210 991 284 1058 Dici
314 1002 419 1056 tamen
441 1001 543 1076 potest
566 989 652 1075 apud
673 990 824 1055 Nostrum
847 1009 972 1074 semper
994 990 1200 1076 predicatum
1224 1002 1338 1057 neutro
1367 993 1488 1077 plurali

212 1097 381 1184 usurpari,
397 1098 535 1182 exceptis
551 1096 591 1162 iis
605 1096 682 1161 locis
706 1095 824 1182 quibus
847 1116 949 1189 unum
973 1117 1011 1162 ex
1036 1081 1220 1164 nominibus
1235 1098 1375 1164 eminere
1394 1119 1488 1164 seusu

212 1204 355 1291 scriptor
378 1193 537 1284 uoluerit;
550 1203 637 1298 quod
657 1222 730 1268 cum
753 1201 878 1282 incidit,
893 1203 1100 1269 novissimum
1116 1204 1247 1290 ponitur
1263 1204 1344 1271 illud
1358 1225 1487 1284 nomen,

211 1319 489 1406 praedicatumque
502 1339 575 1385 eum
588 1339 625 1384 eo
639 1319 798 1403 congruit.

258 1429 300 1494 At
314 1425 400 1513 apud
411 1428 493 1492 alios
502 1426 685 1512 scriptores,
699 1436 815 1512 praeter
833 1427 1002 1506 Caesarem,
1017 1426 1135 1512 saepius
1147 1425 1354 1512 predicatum
1370 1426 1410 1493 ad
1430 1449 1489 1494 no-

205 1554 286 1600 men
309 1532 395 1619 quod
411 1553 505 1598 sensu
523 1535 674 1618 praevalet
693 1531 962 1612 accommodatur,
985 1552 1218 1618 quemeumque
1239 1532 1271 1597 id
1300 1534 1403 1599 locum
1435 1555 1488 1599 oc·

207 1652 310 1726 capet
328 1664 336 1704 ε
353 1641 434 1717 cic„
451 1641 559 1704 Lucus
571 1637 626 1704 illc
640 1650 673 1704 et
686 1638 755 1704 bac
765 1638 980 1727 Arpinatium
995 1658 1130 1725 quercus
1145 1639 1347 1725 agnoscitur,
1362 1661 1450 1728 sape
1466 1664 1488 1705 a

208 1768 267 1813 me
280 1745 398 1824 lectzcs;
415 1767 487 1832 quae
500 1746 693 1812 constructio
711 1766 794 1830 saepe
809 1765 848 1810 en
863 1747 1057 1832 negligentia
1076 1756 1146 1811 orta
1159 1746 1297 1812 uidetur.

258 1855 294 1920 C.
315 1891 361 1904 -
373 1855 432 1920 Ubi
445 1874 520 1919 vero
533 1853 726 1938 copulantur
742 1853 835 1938 plura
849 1853 1060 1932 substantiva,
1077 1872 1212 1938 quorum
1229 1873 1330 1918 unum
1346 1873 1488 1938 persona

207 1961 393 2026 masculino
406 1980 522 2045 genere
536 1960 697 2026 notionem
713 1959 818 2038 allent,
833 1969 897 2025 tres
909 1959 1159 2025 constructiones
1178 1961 1384 2045 reperiuntur
1400 1983 1408 2024 :

260 2070 294 2133 l⁰
313 2068 346 2134 Si
367 2068 454 2134 notio
469 2087 577 2133 rerum
598 2067 630 2131 in
651 2086 862 2152 personarum
873 2067 1000 2130 notione
1015 2066 1169 2152 implicita
1184 2076 1231 2130 est
1244 2069 1485 2146 etobseuratur,

207 2175 535 2259 mascnlinumgenus
545 2173 736 2239 adhibetur:
751 2174 823 2256 lug.
835 2172 890 2252 49,
901 2173 935 2252 5,
946 2194 1027 2238 tram
1040 2171 1280 2260 ittercirpalto
1290 2175 1363 2258 eqni
1378 2175 1487 2239 Numi·

206 2282 325 2366 deaque
338 2278 563 2358 cmtsederont,
579 2300 684 2368 neque
700 2277 802 2368 plane
820 2280 968 2346 occultati
983 2277 1174 2345 bumilitate
1188 2277 1360 2360 orborum,
1376 2291 1409 2345 et
1435 2294 1488 2344 ta-

210 2410 291 2452 men
319 2389 448 2467 incerti,
468 2385 630 2475 quidnam
649 2398 741 2468 esset,
757 2408 833 2452 cunt
846 2397 971 2452 natura
991 2384 1056 2451 loci
1068 2397 1139 2452 tum
1155 2383 1230 2452 dolo
1247 2387 1306 2471 ipsi
1330 2397 1430 2474 atque
1445 2388 1486 2450 si-

212 2517 280 2581 gna
298 2493 454 2560 militaria
467 2495 641 2561 obscurati.
756 2514 763 2534 ·

254 2604 291 2667 2⁰
310 2603 367 2667 Sin
381 2602 571 2686 cogitatione
590 2611 691 2666 toturn
707 2611 741 2666 ut
760 2620 867 2667 rerum
885 2600 1103 2666 collectionem
1121 2600 1257 2686 scriptor
1270 2601 1488 2686 amplectitur,

204 2719 361 2776 neutrum
376 2721 552 2795 usurpatur
571 2708 656 2794 apud
672 2709 840 2793 plerosque
852 2708 1034 2792 scriptores,
1046 2718 1081 2774 ut
1107 2708 1190 2786 biv„
1208 2707 1263 2785 40,
1278 2708 1332 2772 t0.
1347 2707 1493 2773 Romani

203 2837 321 2904 repam
335 2836 542 2902 repaumqtte
555 2813 758 2880 illacedortic
771 2834 834 2880 suo
844 2813 966 2901 sutoro
985 2812 1095 2879 scitmt
1113 2813 1135 2878 ¹.
1161 2813 1202 2880 nt
1225 2814 1257 2877 in
1278 2825 1386 2878 nostro
1412 2817 1489 2880 nul·

208 2924 280 2988 lum
296 2923 391 3006 bajus
410 2921 655 2988 constructionis
670 2923 851 3007 exemplum
869 2922 1021 2987 occurrit.

255 3029 291 3092 3⁶
307 3030 363 3094 Sin
379 3047 453 3094 vero
470 3027 679 3113 predicatum
704 3028 798 3094 initio
815 3025 936 3112 periodi
955 3027 1143 3106 collocatur,
1164 3036 1196 3092 et
1215 3027 1394 3112 proximum
1411 3027 1490 3093 sub-

201 3137 326 3223 Jectum
349 3136 468 3220 plurali
483 3155 617 3200 numero
641 3136 783 3220 ponitur,
801 3145 876 3202 tnnc
890 3134 1100 3220 praedicatum
1120 3135 1237 3219 plurali
1254 3154 1387 3200 numero
1404 3135 1490 3220 posi-

207 3254 387 3327 tumgenus
399 3242 532 3327 subjecti
549 3242 804 3326 illiussequatur
819 3261 945 3308 necesse
964 3251 1032 3308 est:
1051 3241 1131 3308 Sall.
1148 3242 1220 3326 lug.
1239 3243 1295 3321 77,
1308 3241 1340 3320 3,
1364 3240 1489 3306 emissa

208 3371 249 3416 eo
263 3347 408 3415 cobortes
420 3349 582 3436 Liparum
597 3360 755 3435 quattuor
768 3359 802 3416 et
814 3349 853 3415 G.
869 3348 1195 3436 Anniusprasccttcs.
1213 3349 1317 3428 Quam
1329 3359 1491 3414 construe-

207 3457 330 3522 tionem
351 3466 407 3521 aut
422 3456 573 3522 adbibere
597 3467 731 3522 autnon
748 3455 900 3522 adbibere
919 3457 1004 3533 licet,
1029 3457 1057 3521 si
1078 3455 1286 3540 predicatum
1312 3475 1375 3521 non
1394 3455 1489 3520 initio

210 3563 335 3648 periodi
352 3565 539 3630 collocatur.

255 3673 293 3736 D.
314 3707 360 3720 -
377 3674 424 3737 Du
436 3691 620 3736 rnosorruus
638 3691 885 3736 ouuousrnrrrur
902 3691 940 3735 m
956 3691 1139 3736 rnouournrs
1158 3691 1297 3736 namursi
1312 3690 1432 3734 cesena
1454 3691 1491 3734 m

206 3799 343 3844 nunnuo.
365 3813 410 3826 —
423 3779 457 3843 ln
469 3778 527 3842 bac
541 3777 718 3864 quaestione
735 3776 899 3844 tractanda
920 3797 1068 3862 magnam
1082 3778 1315 3854 conlusionem‚
1347 3786 1382 3841 ut
1407 3777 1488 3841 mibi

206 3883 348 3963 ridetur,
365 3886 543 3950 attulerunt
558 3884 618 3949 viri
640 3883 723 3950 docti
739 3885 808 3970 qui,
825 3884 891 3950 sive
906 3884 937 3949 in
951 3883 1160 3963 editionibus,
1183 3884 1248 3948 siue
1265 3884 1298 3947 in
1317 3883 1489 3968 peculiari-

206 3994 269 4056 bus
282 3990 320 4056 de
334 4011 478 4056 sermone
496 3991 686 4066 sallustiano
707 3990 837 4068 libellis,
852 4011 922 4056 eam
944 3989 1166 4075 explicandam
1179 4000 1400 4074 susceperunt.
1418 3991 1486 4056 lmo

205 4117 358 4164 censuere
377 4099 524 4163 nonnulli
547 4117 610 4163 non
633 4098 757 4183 legibus
781 4096 875 4164 certis
897 4098 1037 4164 obnoxia
1060 4117 1127 4162 esse
1150 4097 1208 4162 illa
1235 4097 1424 4181 pronomina
1454 4097 1488 4161 iu

205 4225 323 4292 genere
342 4215 373 4270 et
388 4225 520 4271 numero
541 4205 735 4284 adhibendo,
761 4223 833 4270 cnm
857 4223 942 4270 nuno
963 4205 1003 4270 ad
1023 4203 1201 4289 subjectum
1218 4223 1304 4269 nunc
1318 4203 1358 4268 ad
1375 4203 1489 4288 praedi·

204 4324 314 4378 catum
341 4332 455 4378 nomeu
479 4313 672 4389 reterretor3
698 4313 753 4397 (cl.
783 4311 928 4380 Gnardia
954 4321 986 4376 et
1012 4310 1219 4396 Wierzeyski,
1251 4312 1393 4378 Gramm.
1425 4310 1484 4375 lat.

206 4403 312 4498 Paris,
332 4420 430 4497 1876,
455 4438 486 4505 p.
503 4419 592 4501 tut).
617 4419 703 4484 lnter
721 4439 774 4484 eos
793 4419 848 4503 qui
865 4417 1116 4504 unumquodque
1131 4418 1311 4502 exemplum
1329 4417 1424 4482 certis
1443 4419 1487 4482 le-

204 4527 302 4612 gibus
329 4527 491 4611 explicare
513 4525 620 4592 conati
644 4536 720 4592 sunt
742 4526 884 4592 eminent
914 4525 1174 4592 Badstuebnerns
1206 4536 1238 4590 et
1261 4523 1484 4603 Ausobirtzius,

204 4651 347 4720 quorum
361 4633 451 4718 prior
467 4632 661 4712 attractioni,
680 4633 836 4718 posterior
856 4653 929 4700 vero
951 4632 1177 4698 constructioni
1195 4631 1244 4695 illi
1268 4650 1340 4715 qoae
1360 4627 1408 4695 ad
1418 4651 1485 4695 sm-

240 4779 263 4824 l.
281 4775 314 4825 l'.
327 4773 444 4836 Madvig,
455 4775 500 4824 Gr.
511 4769 557 4823 latss
571 4775 653 4837 5214,
663 4773 699 4832 1).,
712 4783 767 4824 not.
780 4774 880 4837 Reisig,
893 4773 1023 4836 toules}
1038 4775 1094 4823 ¹87.
