3576 5724
658 449 854 511 -253-

117 601 296 668 Dietselrius
315 610 487 665 reiecturus
514 599 719 686 participium
742 590 811 665 esse
830 610 861 664 et
878 596 1069 686 promiserit
1087 618 1125 664 ex
1142 597 1301 686 promisit
1319 620 1392 685 sup·

118 709 270 794 plendum
282 719 399 785 censet,
415 707 486 791 quae
502 705 790 790 constructioapud
801 707 945 771 Tacitum
956 705 1214 791 frequentissima
1227 707 1393 784 est,etiam

118 816 171 880 ulti
205 813 247 878 sit
271 812 360 897 (sint)
381 815 467 878 solus
492 813 559 878 sine
584 811 753 898 participio
778 809 926 897 adjuncta
946 819 1136 894 usurpatum
1159 811 1210 876 sit.
1237 811 1395 878 Similiter

115 932 198 986 esset
212 922 364 986 omissum
383 928 430 985 est
452 921 480 984 l.
506 919 562 997 53,
588 920 621 997 7,
646 930 678 983 et
697 939 793 1006 paene
817 914 1031 1005 inprudentia
1056 915 1237 983 admissum
1259 917 1394 1006 [acinus

116 1025 317 1103 miserabile,
333 1023 371 1090 ni
384 1023 551 1112 utrimque
566 1023 738 1113 premissi
755 1023 878 1110 equites
896 1045 965 1088 rem
985 1023 1243 1110 eupleraois'sent
1259 1025 1281 1089 ¹.

163 1136 197 1198 [ιο
220 1135 302 1197 lure
318 1132 424 1198 deesse
439 1132 566 1196 videtur
589 1131 660 1218 lug.
678 1131 734 1207 85,
755 1131 811 1209 27,
832 1152 912 1196 nam
931 1151 983 1194 me
1007 1127 1140 1216 quidem
1155 1152 1196 1196 ea
1210 1127 1317 1195 animi
1331 1131 1398 1198 mei

114 1238 277 1305 sententia
291 1235 386 1303 nulla
401 1237 507 1303 oratio
523 1233 640 1303 tedere
649 1247 772 1326 potest3
789 1238 829 1302 cl.
848 1237 915 1303 Liv.
936 1237 990 1312 tt,
1009 1237 1067 1316 l53
1083 1237 1138 1312 2⁶2,
1155 1238 1210 1302 53.

133 1413 136 1420 ⁴
162 1347 198 1411 5⁰
222 1346 363 1412 Verbum
378 1341 573 1410 declarandi
585 1365 622 1408 ex
642 1345 736 1408 rerba
749 1363 931 1428 praegressQ
949 1344 1042 1408 salita
1057 1323 1156 1422 inore,
1174 1342 1228 1410 sed
1244 1343 1397 1410 audacius

119 1451 293 1526 interdum,
312 1451 555 1533 intelligendum
574 1461 632 1526 est,
652 1447 882 1536 quodquidam
901 1449 1099 1514 substantivo
1116 1451 1219 1515 ,etium
1239 1451 1394 1518 contineri

65 1587 69 1590 ·
120 1569 233 1644 potest,
253 1579 301 1624 ex.
319 1578 392 1640 gn:

164 1663 291 1746 Queri:
315 1665 384 1730 Cat.
403 1665 456 1736 13,
476 1665 507 1742 3,
533 1661 695 1750 Cetlsequs
708 1683 836 1751 semper
850 1659 1050 1749 querebatur
1076 1659 1115 1727 de
1135 1661 1274 1750 iqnauia
1293 1663 1398 1729 sacio-

119 1793 217 1837 rum:
237 1769 312 1836 illas
329 1768 512 1835 dubitande
528 1781 560 1834 et
574 1767 642 1834 dies
652 1765 857 1858 prolatando
877 1789 1017 1856 maqnas
1036 1768 1303 1857 opportunitates
1321 1792 1399 1835 can·
1446 1823 1451 1834 .

120 1899 287 1967 rumpere.
1308 1951 1311 1958 .

162 1982 366 2072 Deprecari:
383 1985 411 2049 J.
440 1983 516 2061 101,
543 1985 575 2059 li,
598 1993 781 2071 postquam
807 2001 932 2047 errasse
955 2002 1066 2068 repom
1086 1993 1117 2046 et
1135 1980 1308 2070 luqurtleee
1331 2005 1399 2049 see-

121 2087 185 2158 lere
205 2090 340 2181 lapsum
359 2087 527 2177 deprecati
539 2101 627 2168 sunt,
650 2089 681 2153 id
702 2099 761 2168 est,
786 2085 926 2153 dieentes
945 2085 1114 2176 deprecati
1129 2099 1207 2154 sunt
1228 2091 1396 2175 (Maraeu),

122 2199 173 2266 ubi
193 2199 300 2284 patius
319 2197 493 2282 praegnanti
507 2207 598 2261 sensu
617 2194 860 2280 intelligendum
880 2208 927 2260 est
947 2191 1147 2282 deprecandi
1161 2216 1264 2260 eausa
1279 2198 1325 2262 vel
1343 2195 1399 2261 de-

122 2316 296 2393 precantes
311 2301 477 2368 diaerunt.

165 2407 343 2477 Postulare
356 2433 363 2474 :
374 2409 407 2475 G.
423 2411 478 2484 31,
501 2409 533 2487 7,
552 2393 755 2476 Catilina-
770 2405 942 2496 postulare
961 2429 982 2471 a
996 2406 1149 2494 patribus
1166 2409 1264 2496 capit
1279 2409 1404 2498 nequid

123 2515 161 2582 de
174 2539 210 2582 se
225 2528 345 2581 temere
359 2513 546 2594 crederent;
562 2535 601 2578 ea
613 2511 750 2601 familia
766 2525 887 2592 ortum,
905 2521 978 2580 etc..

165 2621 325 2689 Polliceri
338 2645 345 2686 :
368 2622 403 2687 C.
434 2621 490 2698 21,
517 2622 590 2686 ‘tet
622 2623 654 2696 3,
682 2631 750 2686 tum
780 2619 928 2686 Catilina
940 2618 1097 2708 polliceri
1119 2619 1250 2687 tabulas
1285 2646 1399 2706 nouas,

123 2729 397 2822 proscriptionem
423 2725 633 2814 locupletium
656 2763 712 2791 -.
739 2729 902 2792 Praeterea
924 2747 988 2792 esse
1008 2726 1043 2791 in
1068 2726 1230 2816 Hispania
1254 2729 1402 2797 citeriore

128 2837 292 2902 Pisonem.

168 2931 344 3008 Piomissis
372 2961 521 3018 onerare,
546 2939 733 3029 impellere:
757 2941 785 3004 J.
805 2941 858 3018 11,
877 2945 911 3017 3,
927 2960 1026 3026 quem
1049 2937 1105 3005 ille
1118 2962 1197 3006 easu
1212 2942 1400 3009 ministrum

129 3046 451 3135 oblatumpromissis
467 3059 582 3111 onerat
597 3033 878 3134 impellitque,'uti
887 3083 932 3096 -
941 3057 1006 3124 eat,
1019 3061 1169 3134 -paret
1182 3069 1245 3131 -,·
1259 3063 1399 3116 ceterum

129 3155 183 3220 ubi
195 3177 247 3220 res
257 3153 454 3242 postularet,
469 3175 503 3218 se
516 3153 624 3242 ipsum
639 3174 713 3218 eum
732 3173 856 3240 maqna
874 3175 978 3218 manu
998 3163 1185 3220 cariturum.

171 3265 317 3338 Ponere:
347 3261 375 3326 J.
403 3262 455 3332 17,
488 3261 520 3338 3,
560 3260 593 3324 in
622 3256 782 3326 diuisione
806 3258 893 3324 ardis
919 3271 1026 3336 terrae,
1051 3258 1208 3348 plerique
1244 3261 1279 3326 iu
1305 3276 1402 3352 parte

132 3369 226 3434 tertia
241 3367 395 3454 Africam
403 3389 558 3456 posuere,
572 3365 676 3454 pauci
689 3377 819 3432 tautum
838 3363 936 3432 modo
956 3365 1070 3432 Asiam
1086 3378 1115 3430 et
1134 3369 1308 3456 Europam
1323 3392 1400 3436 esse.

173 3473 289 3562 Leqati
304 3485 454 3540 orantes:
472 3475 500 3539 J.
527 3474 584 3546 77,
608 3475 639 3552 1,
663 3470 721 3538 sed
735 3470 869 3561 pariter
889 3495 963 3538 eum
985 3484 1083 3561 capta
1111 3471 1214 3539 Thala
1237 3474 1346 3567 'leqati
1364 3499 1405 3543 ea

137 3579 255 3670 oppido
272 3579 370 3670 Lepti
380 3577 426 3644 ad
436 3577 605 3644 Metellum
621 3589 917 3646 uenerantorantes
932 3578 983 3643 uti
991 3577 1404 3672 presidiumproeseetum·

136 3707 195 3773 qne
209 3709 245 3752 eo
257 3687 410 3752 mitteret:
425 3684 651 3750 Hamilcarem
665 3683 844 3772 quendam,
859 3683 1026 3767 ltominem
1040 3685 1196 3766 nobilem,
1210 3689 1403 3776 factiosum,

134 3794 222 3859 noeis
240 3791 337 3860 rebus
355 3790 495 3858 studere.

175 3900 326 3966 littera:
346 3901 374 3964 J.
392 3901 447 3975 25,
475 3899 507 3976 5,
534 3895 610 3963 dein
635 3896 726 3963 brevi
756 3897 884 3963 Uticam
907 3897 1043 3986 adpulsi
1064 3897 1191 3965 litteras
1212 3900 1259 3967 ad
1280 3905 1407 3990 luqrrr-

137 4005 224 4072 tltam
237 4006 385 4084 mittunt,
405 4027 507 4093 quam
522 4004 680 4070 ocissume
695 4003 741 4069 ad
751 4004 964 4094 prouinciam
985 4003 1136 4082 adsedet,
1154 4028 1251 4096 seque
1273 4007 1320 4075 ad
1332 4031 1406 4075 eum

138 4111 176 4177 ab
189 4125 305 4180 senatu
319 4112 434 4186 missas
452 4111 476 4176 ².

180 4221 212 4284 60
239 4220 378 4286 Verbum
404 4218 563 4284 interdum
579 4217 793 4304 supplendum
817 4229 863 4283 est
884 4219 947 4284 alia
968 4231 1108 4305 tempore
1132 4223 1180 4286 vel
1201 4221 1294 4288 modo
1315 4233 1409 4310 atque

168 4434 190 4480 1.
208 4432 284 4482 Verbi
307 4445 363 4481 esse
377 4429 466 4479 omissi
491 4429 608 4492 exempla
631 4427 656 4476 in
675 4441 789 4476 extrema
812 4439 884 4491 parte
906 4430 1044 4494 iugurthae
1065 4431 1145 4482 multo
1160 4433 1338 4496 frequentiora
1351 4450 1410 4484 esse

141 4515 211 4562 quam
225 4501 249 4552 in
262 4502 373 4566 reliquis
388 4499 569 4550 animadvertit
582 4499 739 4549 Dietschius.
755 4519 767 4543 r
782 4493 894 4555 scilieet.
908 4501 1001 4563 iuquit.
1016 4503 1190 4566 scriptorres.
1202 4504 1235 4553 nd
1247 4519 1311 4568 quas
1322 4506 1412 4570 lagen-

141 4570 200 4620 tium
222 4574 325 4622 animos
337 4573 457 4621 adtentos
473 4585 529 4620 esse
541 4570 629 4624 sciret.
649 4585 708 4619 eum
721 4569 847 4634 gravitate
860 4579 885 4618 et
899 4571 1032 4620 celeritate
1047 4574 1160 4623 seribere
1174 4575 1289 4625 animum
1305 4577 1413 4628 induxit.

143 4640 259 4692 lucei-tius
270 4643 398 4706 judicium
405 4657 463 4690 esse
476 4641 502 4689 in
514 4655 546 4690 aa
559 4633 706 4704 parteleap.
717 4643 799 4689 -103
811 4641 865 4702 tin.)
876 4656 953 4703 quam
966 4657 997 4690 ex
1008 4644 1197 4694 recentioribus
1208 4645 1413 4698 codicibuqsotjs
1511 4687 1516 4698 1

148 4715 309 4774 cognovimus
323 4728 374 4764 uon
383 4713 504 4776 diffiteor.
523 4732 534 4755 n
1046 4734 1050 4742 .
1383 4740 1385 4745 Ι

174 4796 195 4843 i.
213 4795 249 4843 Cl.
267 4793 385 4858 liemon,
401 4793 461 4841 edit.
477 4792 583 4840 Sallust.
598 4807 623 4854 p.
639 4793 755 4841 eso-utu.

1243 4883 1273 4932 li
