3576 5724
884 395 1082 451 -ete-

344 557 401 602 sor
431 534 521 623 salso
548 533 794 600 nominaretur.
827 537 905 602 Nam
929 547 1066 624 44464666
1090 557 1164 602 cnm
1199 535 1254 601 illo
1284 535 1396 624 pravis
1425 533 1622 601 inimicitias

344 638 553 719 exercebant,
569 643 640 726 lug.
661 643 717 715 64,
739 643 771 721 9,
793 640 930 729 quidest
943 641 1109 728 reliquum
1127 641 1390 718 tetstaffsvosna,
1407 663 1482 729 qno
1491 641 1624 711 nroocri

339 747 467 868 possit?
452 747 560 814 4Ν646
580 768 638 844 epo
656 745 789 836 qnidam
812 743 928 814 uellem
948 759 980 814 et
968 745 1066 814 tlatc
1089 768 1225 867 precer
1177 770 1225 814 ·rsc
1225 745 1286 818 u‘bo
1301 760 1332 814 et
1351 747 1410 816 illa
1425 769 1498 838 64464
1517 760 1623 814 antea

346 853 381 920 in
400 865 496 920 senat
496 875 519 919 a
537 865 668 942 64466466
685 875 759 920 sum
783 876 871 921 oona
891 855 1016 944 forent,
1034 855 1249 944 potiusquam
1269 843 1403 921 miseria
1422 877 1495 920 mea
1511 854 1620 943 fidem

344 959 453 1026 verbis
464 960 602 1049 faceret

391 1065 479 1138 Nom
493 1069 651 1153 particula
667 1078 735 1153 post
754 1068 967 1135 accusativum
987 1078 1017 1135 64
1033 1067 1226 1136 infinitivum
1248 1069 1362 1156 posita,
1381 1088 1497 1135 novum
1518 1088 1623 1134 enun-

346 1173 467 1242 ciatum
483 1173 792 1255 inlinituminducit‚
804 1174 966 1242 audaciori
983 1195 1058 1241 sane
1074 1185 1251 1241 structura:
1268 1177 1339 1262 Jug.
1359 1175 1413 1255 76,
1431 1177 1462 1251 4
1473 1185 1621 1240 ceteram

343 1279 566 1372 proditionem
582 1277 729 1374 44646664,
745 1302 846 1369 quam
856 1280 960 1349 vitare
973 1303 1072 1370 posse
1086 1279 1251 1348 eeleritate
1264 1279 1424 1370 putabam
1442 1303 1515 1347 nam
1532 1280 1622 1346 tale'a

348 1375 485 1455 consilia
508 1409 569 1476 per
592 1386 697 1454 otitrm
734 1398 765 1453 ct
791 1409 831 1453 66
860 1390 1105 1507 opportunitate
1133 1388 1210 1478 copi
1234 1390 1286 1472 (cl.
1314 1391 1343 1458 J.
1377 1389 1435 1467 85,
1461 1390 1515 1474 6);
1547 1390 1625 1456 item

348 1513 492 1583 namque
508 1503 577 1580 post
591 1493 722 1561 46444664
742 1495 1001 1584 componore
941 1497 1011 1582 lug.
1036 1496 1090 1574 45,
1107 1495 1140 1575 6,
1150 1493 1244 1561 sed
1230 1517 1265 1561 46
1279 1517 1319 1564 66
1338 1493 1472 1584 difficnl
1471 1506 1537 1561 tate
1555 1495 1625 1562 Me

336 1691 338 1698 .
352 1599 411 1666 tell
409 1622 465 1666 om
476 1601 581 1690 faisse
594 1602 801 1692 comperior:
820 1639 862 1652 -
876 1603 1019 1688 Namque
1033 1601 1137 1669 edicto
1147 1601 1300 1692 primam
1315 1601 1539 1692 adjumenta
1525 1623 1625 1690 46446-

350 1707 411 1773 44466
426 1705 604 1788 sustulisse,
622 1720 695 1775 646..

395 1817 431 1881 60
454 1815 618 1904 Namque,
641 1814 725 1902 quod
746 1815 831 1901 apud
847 1815 1031 1884 Ciceronem
1046 1814 1142 1882 semel
1163 1824 1287 1882 4664664
1305 1824 1360 1882 664
1379 1816 1428 1882 his
1452 1825 1526 1882 ante
1546 1836 1627 1882 con-

352 1932 503 1989 sonantes
527 1921 702 2002 invcnitur‚
726 1923 811 2010 apud
830 1923 1021 1994 Sallustium
1043 1923 1154 2010 viginti
1178 1923 1302 1992 duobus
1323 1924 1388 1989 4646
1413 1923 1489 1988 46646
1509 1933 1624 2002 exstat,

353 2049 491 2116 quorum
506 2027 688 2114 quindecim
708 2031 899 2115 particulam
915 2008 1137 2110 enterocelas,
1153 2041 1187 2096 64
1202 2029 1292 2110 66464,
1312 2030 1446 2116 66644646
1461 2029 1625 2105 exhibent,

352 2148 472 2222 septem
491 2152 566 2203 veto
586 2144 658 2200 ante
682 2148 902 2204 consonantes.
923 2135 1014 2218 Quod
1041 2137 1067 2202 si
1090 2137 1227 2204 litteram
1252 2137 1388 2224 primam
1407 2136 1555 2202 vocabuli
1576 2157 1627 2202 se-

354 2244 480 2329 quentis
500 2242 662 2328 inspicias,
678 2239 759 2309 hanc
773 2243 904 2310 sortasse
920 2245 1062 2329 regulam
1079 2263 1114 2308 64
1131 2243 1283 2329 6464664446
1295 2241 1628 2310 Sallustianiseruere

357 2348 441 2427 licet,
470 2369 543 2415 6664
558 2369 702 2436 namque
721 2361 776 2416 aut
795 2360 866 2416 ante
885 2350 1020 2430 vocales,
1042 2362 1098 2416 aut
1121 2356 1193 2416 ante
1219 2360 1330 2415 tenens
1344 2360 1554 2416 consonantes
1570 2369 1628 2436 po·

355 2475 441 2520 nere.
458 2455 537 2522 Nam
560 2465 631 2522 64446
649 2476 666 2520 6
682 2457 819 2523 litteram
842 2457 979 2524 occurrit
993 2477 1031 2522 ea
1048 2457 1204 2544 particula
1221 2457 1247 2521 J.
1267 2457 1320 2536 44,
1337 2457 1356 2521 5
1377 2457 1581 2544 (accepere)
1598 2467 1628 2532 64

356 2563 412 2640 85,
428 2561 471 2629 35
486 2565 532 2644 (44.
550 2566 657 2646 64446);
682 2573 754 2630 6646
771 2584 813 2652 6,
835 2565 873 2628 44.
891 2584 933 2644 44,
959 2565 997 2631 64
1021 2565 1067 2649 (6.
1088 2562 1254 2653 primam)
1275 2573 1306 2638 et
1322 2564 1357 2629 H.
1381 2583 1422 2642 44,
1443 2563 1497 2640 49,
1522 2563 1562 2629 48
1578 2565 1624 2645 (n.

352 2667 490 2757 664464);
506 2678 578 2734 6646
593 2681 633 2749 st,
647 2669 684 2735 H.
699 2691 746 2748 444,
765 2670 795 2748 4,
811 2670 830 2736 7
849 2671 894 2752 (44.
911 2668 1136 2762 stipendium).
1153 2671 1311 2736 Praeterea
1332 2669 1448 2754 legitur
1465 2678 1538 2736 6646
1558 2667 1626 2737 dC.

357 2775 444 2852 36,5
463 2777 510 2858 (6.
527 2773 682 2862 dnonas),
697 2776 781 2862 quod
793 2778 970 2862 exemplum
986 2763 1128 2862 regulam
1140 2798 1237 2864 66646
1256 2777 1392 2862 positam
1407 2775 1630 2843 4666664644-

357 2881 463 2961 446464,
484 2880 515 2947 64
539 2883 695 2948 66464Η.
715 2903 758 2960 44,
783 2884 835 2963 49,
857 2883 877 2949 5
897 2882 1139 2968 (allemanie).
1154 2883 1246 2970 Apud
1260 2883 1632 2972 Tacitumquoqueante

357 2997 566 3056 consonantes
582 2989 742 3070 interdum
755 2989 904 3070 66664444,
921 2991 996 3058 sed
989 2999 1033 3057 446
1046 2999 1082 3058 64
1096 2990 1188 3058 66446
1199 2993 1308 3079 466646
1323 3011 1360 3058 ex
1376 2991 1465 3090 illius
1481 3011 1541 3058 usu
1557 2991 1630 3058 6464

358 3096 470 3184 possit.

402 3203 436 3270 34
451 3201 552 3270 Enim
558 3213 651 3289 ,6664
666 3203 803 3296 primam
818 3223 924 3272 vacem
939 3204 1114 3284 enuntiati,
1136 3213 1171 3272 64
1185 3205 1277 3286 66464,
1293 3205 1444 3292 66644646,
1463 3205 1548 3292 apud
1561 3205 1632 3273 Sal·

359 3310 491 3376 lustium
505 3329 568 3377 non
589 3310 633 3376 446
647 3311 806 3397 44666666.
824 3311 896 3379 Post
910 3312 1129 3397 negationem:
1146 3309 1313 3378 nonenim
1331 3313 1359 3399 (J
1364 3363 1371 3378 .
1395 3313 1448 3391 44,
1460 3363 1463 3370 .
1473 3313 1530 3399 63)
1543 3331 1634 3393 466-

358 3403 579 3505 6446666644.
552 3418 656 3496 496,
673 3419 715 3491 6,
726 3419 764 3484 Η
782 3441 830 3496 444,
845 3420 901 3499 86,
918 3420 990 3503 65);
1011 3430 1150 3538 -postt
1161 3420 1422 3506 interrogativum
1439 3439 1629 3506 pronomen,

359 3545 392 3589 46
406 3524 600 3611 6646646664
622 3525 656 3592 (l.
679 3525 734 3606 54,
753 3526 806 3606 47,
819 3525 1102 3596 6646646664644446
1117 3525 1286 3615 6666644144
1298 3525 1517 3594 6666466646
1537 3523 1638 3614 (qnid

359 3649 446 3696 enam
454 3629 576 3697 catalis
587 3619 733 3698 4466444466
748 3631 878 3700 crudele
861 3615 964 3721 ctiori
972 3637 1112 3722 6646644)
1101 3630 1183 3718 )6644
1199 3632 1309 3699 aliena
1324 3654 1346 3698 a
1359 3653 1395 3699 re
1402 3631 1544 3722 64464466
1559 3654 1630 3702 nos-

360 3735 1042 3830 4464646446·-666461464446664461646
1063 3742 1102 3807 H.
1121 3761 1143 3817 4,
1160 3741 1215 3818 54,
1239 3741 1296 3820 44;
1311 3762 1359 3820 nt,
1375 3740 1430 3820 86.
1454 3741 1491 3819 7;
1507 3759 1551 3818 44,
1575 3740 1629 3813 49,

362 3846 460 3910 4.-
479 3843 566 3912 lldde
585 3855 623 3910 64
639 3844 726 3912 enim
742 3866 797 3932 per
821 3827 1070 3941 occupationem
1088 3867 1160 3913 6646
1180 3845 1285 3933 6444664
1308 3847 1493 3932 6664464440.
1512 3847 1568 3926 54,
1590 3847 1632 3914 66

238 4034 241 4041 ¹
362 3951 415 4038 (64.
433 3971 524 4030 nam,
541 3953 673 4039 supra);
687 3951 919 4048 6646664661.
936 3955 970 4032 6,
990 3955 1027 4035 9,
1045 3955 1100 4033 60,
1119 3955 1185 4038 46).

348 4099 351 4106 -
406 4061 440 4125 44
462 4057 595 4124 44464466
614 4058 664 4126 4446
683 4070 805 4130 tantum
821 4061 953 4147 legitur
975 4064 1002 4128 J.
1028 4061 1084 4140 85,
1102 4061 1156 4139 49,
1174 4070 1205 4126 64
1219 4061 1288 4128 Cat
1314 4061 1369 4140 60,
1388 4059 1441 4138 44,
1460 4059 1528 4132 uht
1532 4059 1633 4126 46444

362 4164 516 4251 rogationi
534 4165 598 4244 vim
614 4146 756 4254 aliquam
773 4166 873 4234 addit.

973 4367 1023 4464 w!

699 4523 702 4528 Ι
767 4555 771 4558 ’
811 4543 1181 4624 Conclusionisparliculae.

407 4711 554 4804 l⁰..,Erpo
570 4709 654 4798 apud
669 4712 859 4802 Sallustium
872 4731 935 4797 666
951 4711 995 4778 446
1010 4713 1170 4812 44666666,
1189 4709 1581 4808 6466664644466644644,
1600 4718 1632 4775 64
