3534 5720
683 435 879 494 —l9l-

132 579 280 664 tempore
299 579 421 648 dictum
437 578 583 644 adhibuit
610 579 792 658 Sallustius,
812 579 943 646 fortasse
970 599 1142 666 praegresso
1166 581 1322 646 vocabulo
1342 579 1412 668 pri·

132 706 233 752 mum
261 685 433 772 impeditus
456 707 496 752 ue
523 708 574 752 un1
600 707 716 753 rnruuu
744 697 926 772 usurparet,
945 706 1016 771 quae
1040 686 1170 772 quidem
1199 687 1316 752 locutio
1342 689 1437 773 plu-¹

133 792 228 858 ribus
243 792 320 858 locis
334 793 481 872 occurrit,
500 803 534 858 ut
549 793 617 860 Cat.
637 794 691 873 39,
708 793 745 872 3'3
762 795 833 880 lug.
850 793 883 873 6,
900 795 934 868 4;
955 795 1008 870 44,
1024 794 1065 859 46
1073 817 1081 873 ;
1100 793 1154 870 43,
1173 795 1211 872 4,
1228 794 1284 872 64,
1303 795 1316 859 4
1330 819 1342 872 ,·
1357 793 1412 871 63,

132 897 170 976 3;
195 899 255 977 63,
278 901 313 978 4;
336 900 391 978 64,
409 900 440 966 3.

177 1007 216 1070 7⁰
243 999 482 1093 conjunctivus
492 1025 566 1072 vera
586 1026 745 1092 nusquam
758 1005 989 1084 inveniturnisi
1002 1006 1214 1092 ubiffpeculari
1229 1005 1354 1072 ratione
1365 1026 1415 1072 ex·

130 1111 253 1198 plicari
266 1113 528 1199 possitNamque
539 1113 791 1180 autinoratione
802 1112 1415 1200 obliquaoccurrit,utlug.15,l(post-

130 1221 267 1304 quam);
284 1219 355 1301 lug.
368 1220 421 1296 44,
438 1220 476 1297 3;
494 1220 548 1299 44,
563 1221 582 1284 4
598 1219 697 1303 (ubi);
711 1229 767 1286 aut
778 1219 944 1312 potentiali
964 1219 1197 1306 significatione
1215 1220 1356 1304 panitur,
1371 1239 1415 1286 se-

129 1325 250 1390 cundae
267 1346 407 1410 personae
422 1326 576 1412 singulari
593 1347 739 1404 numero,
762 1338 797 1392 ut
811 1328 882 1413 lug.
901 1327 955 1405 34,
973 1326 1028 1404 48,
1054 1324 1156 1392 44444
1169 1337 1300 1392 tontum
1317 1323 1415 1391 modo

129 1430 269 1517 sequior
282 1431 333 1520 fit,
345 1431 405 1497 ubi
415 1431 585 1518 ncqlcqos;
602 1433 641 1498 el.
656 1435 723 1498 Cat.
745 1434 772 1511 l,
791 1435 828 1512 63
843 1434 875 1511 3,
893 1435 929 1512 4;
941 1433 994 1508 40,
1008 1433 1047 1506 9;
1062 1433 1116 1504 54,
1127 1433 1153 1498 -3
1167 1433 1267 1512 etum
1281 1435 1336 1512 54,
1353 1433 1412 1499 49;

129 1540 187 1612 55,
205 1539 239 1604 3.
257 1539 297 1604 At
315 1531 384 1606 Cat.
402 1541 457 1618 54,
480 1542 512 1616 4,
534 1561 614 1604 nom
629 1551 735 1605 cetero
756 1539 917 1625 malificia
933 1549 1003 1604 4444
1014 1559 1224 1626 persequare,
1242 1537 1302 1604 ubi
1322 1538 1416 1626 [4444

128 1657 221 1725 sunt,
241 1644 302 1710 doc
318 1644 384 1711 nisi
393 1644 577 1733 provideris
591 1667 633 1710 ne
654 1643 794 1725 occidat,
811 1644 870 1712 udi
883 1646 988 1711 evenit
1006 1645 1027 1722 ¹,
1042 1645 1173 1732 frustra
1192 1643 1326 1733 judicio
1352 1645 1416 1710 im-

125 1751 255 1840 plores,
287 1752 461 1836 perfectum
487 1753 671 1818 aoristicum
698 1751 936 1818 consuetudinis
957 1751 1202 1837 intelligendum
1228 1764 1292 1831 est,
1321 1762 1356 1817 ut
1383 1751 1415 1816 in

127 1861 205 1945 lug.
224 1859 257 1934 4,
275 1860 306 1936 4,
318 1857 369 1924 siu
378 1869 494 1946 coptus
498 1858 617 1946 pravis
628 1856 837 1946 cupidinibus
847 1856 897 1924 44
907 1857 1061 1924 inertium
1072 1869 1103 1924 et
1111 1857 1293 1946 uoluptates
1304 1879 1415 1948 corpo·

128 1965 177 2031 ris
185 1986 325 2054 pessum
340 1963 437 2030 dutus
448 1975 506 2042 est,
519 1964 708 2053 perniciosa
725 1963 872 2030 lubidine
882 1965 1059 2054 paulisper
1066 1987 1154 2041 usus,
1168 1964 1293 2052 atdiper
1306 1986 1416 2030 socor-

129 2070 229 2137 diam
244 2069 341 2149 uires,
359 2082 498 2160 tempus.
511 2070 681 2158 inqenium
697 2071 875 2152 diffluxere,
895 2083 1024 2138 naturae
1035 2069 1212 2159 infirmitas
1226 2082 1412 2137 accusatur.

177 2181 222 2245 D.
246 2216 288 2226 -
313 2179 370 2256 Ur,
398 2179 564 2262 temporati
586 2177 836 2262 significatione,
863 2198 1022 2263 nusquam
1051 2179 1154 2244 inveni
1181 2179 1268 2264 apud
1293 2171 1414 2245 Salius-

130 2287 239 2362 tium3
257 2307 296 2350 ur
316 2306 433 2352 inmun
447 2285 586 2351 cucurrit
604 2284 684 2351 Hist.
709 2305 753 2364 ιιι,
770 2287 824 2363 54,
852 2285 1031 2352 coercitum
1051 2283 1186 2366 dimisit,
1208 2296 1247 2351 ut
1266 2283 1416 2372 primum

131 2391 235 2480 Alpis
251 2390 415 2478 diqressus
429 2403 485 2456 est.

176 2500 217 2565 E.
244 2534 290 2547 -
311 2501 393 2564 Dun.
412 2535 453 2546 —
466 2499 499 2563 l⁰
521 2500 593 2564 Dua
610 2498 668 2584 l:
681 2501 796 2585 gallice
811 2497 920 2564 tondis
934 2503 1009 2585 que)
1021 2519 1094 2565 cum
1106 2499 1277 2565 indicativo
1289 2517 1416 2584 semper

130 2606 318 2692 ponitur,ut
332 2605 417 2689 apud
429 2606 565 2690 optimus
576 2607 757 2690 scriptores,
771 2607 906 2672 maxime
917 2608 1063 2692 praesenti
1073 2606 1234 2683 historico,
1245 2615 1276 2670 at
1288 2625 1415 2691 quoque

128 2712 340 2800 imperfecto,
360 2721 394 2776 ut
409 2714 488 2777 Hist.
508 2733 529 2791 ι,
547 2713 600 2791 44,
619 2711 705 2778 dello
718 2710 831 2777 ciuilio
850 2723 924 2777 orto
937 2723 1026 2793 sunt,
1045 2711 1124 2778 dum
1133 2711 1241 2802 pauci
1250 2723 1412 2801 potentes,

129 2840 279 2907 quorum
295 2817 330 2882 in
352 2816 499 2906 qratiam
516 2817 671 2907 plerique
694 2829 929 2898 concesserant,
953 2817 1015 2884 sub
1037 2819 1171 2885 honesto
1187 2831 1339 2908 potrum·
1353 2829 1414 2886 444

124 2923 245 3014 plebei
254 2924 387 2990 nominc
404 2923 644 2991 dominationes
659 2923 893 3013 adsectubont,·
908 2926 949 2991 cf.
969 2927 1048 2992 Hist.
1062 2948 1111 3000 iv,
1131 2927 1184 3005 ta,
1204 2928 1235 2992 5.
1254 2926 1413 2993 Similiter

131 3031 300 3117 dum(:
317 3029 446 3096 tamdiu
460 3035 575 3118 quom)
596 3051 668 3097 cum
684 3032 845 3098 indicativi
865 3033 1000 3118 perfecto
1023 3031 1159 3100 occurrit
1183 3035 1255 3118 lug.
1282 3035 1335 3107 44,
1355 3034 1410 3110 40,

132 3137 216 3205 duna
235 3137 525 3226 Cortdaqinienses
541 3137 720 3221 incolumes
737 3139 846 3226 severe,
856 3139 937 3227 jure
956 3139 1069 3210 omnio
1083 3159 1168 3206 saeco
1179 3138 1413 3227 patiebamur,-

131 3248 174 3312 cf.
197 3247 279 3311 Hist.
299 3268 323 3322 1,
341 3247 394 3310 40.
421 3245 464 3312 ac
484 3255 591 3312 tantus
606 3255 652 3311 est
669 3246 754 3330 apud
772 3246 962 3314 Sallustium
980 3246 1143 3312 indicativi
1161 3267 1262 3326 amor,
1288 3257 1323 3312 ut
1342 3267 1416 3335 eum

133 3353 268 3418 modum
280 3353 375 3419 etiam
392 3353 424 3417 in
436 3353 579 3418 oratione
590 3353 722 3438 obliqua
735 3372 806 3419 cum
826 3354 884 3418 hac
896 3354 1055 3438 particula
1075 3353 1259 3434 adhibuerit
1273 3354 1341 3419 Cat.
1356 3354 1412 3429 58,

135 3461 170 3536 4,
194 3457 283 3524 scitis
302 3455 465 3545 equidem,
483 3457 615 3539 milites,
630 3495 677 3508 —
699 3479 829 3547 quoque
844 3457 955 3538 moda,
977 3456 1068 3524 dum.
1083 3480 1124 3524 ec
1148 3456 1233 3524 Urbe
1254 3457 1416 3548 praesidio

136 3565 299 3652 opperior,
316 3563 351 3630 in
369 3563 516 3631 Gallium
524 3565 695 3654 proficisci
707 3564 922 3653 nequiverim.
1034 3584 1037 3594 ’

183 3674 216 3738 2⁰
242 3669 500 3759 Conyunctivum
516 3692 590 3738 vera
607 3682 754 3758 usurpat,
771 3673 946 3738 seeundum
961 3673 1127 3758 vulgarem
1142 3692 1235 3739 usum
1252 3672 1415 3758 loquendi,

139 3780 175 3844 4ο
188 3780 242 3845 ubi
263 3779 390 3844 duratio
409 3780 542 3846 actionis
557 3780 722 3865 eujusdam
736 3779 887 3846 definitur
905 3789 1045 3864 tempore
1075 3799 1139 3865 quo
1160 3781 1260 3846 altera
1279 3800 1328 3846 res
1350 3799 1416 3846 esse

139 3886 235 3972 caepit
258 3894 315 3950 aut
336 3885 485 3970 coeperit3
521 3896 596 3951 tunc
619 3883 700 3951 dum
734 3886 914 3970 conjunctio
943 3906 1016 3952 cum
1051 3887 1167 3972 gallica
1195 3887 1420 3974 conjunctione

133 3990 275 4079 jusqu'd
298 4013 333 4058 ce
349 4013 411 4079 que
436 3993 594 4079 congruit,
611 4013 659 4058 ex.
686 4012 733 4078 gr.
756 3993 835 4058 Hist.
859 4015 881 4070 1,
908 3993 963 4070 54,
987 3995 1043 4074 40,
1069 4015 1114 4060 44
1135 3991 1310 4082 ecpectutis
1337 3990 1417 4059 dum

140 4097 284 4164 coercita
304 4120 419 4164 rursus
445 4097 577 4165 admoto
600 4099 692 4187 ferro
717 4109 816 4187 utque
835 4098 982 4187 flammo
997 4098 1115 4166 urbem
1141 4098 1344 4168 444444ιῖ40
1361 4099 1414 4166 ubi

141 4205 319 4271 restrictiva
334 4206 567 4292 significatione
580 4226 637 4291 pro
657 4204 737 4272 dum
752 4204 850 4272 modo
870 4219 1058 4293 usurpatur,
1074 4221 1109 4274 ut
1130 4207 1199 4274 Cat.
1217 4209 1249 4285 5,
1266 4208 1298 4285 6,
1314 4226 1418 4292 neque

142 4308 180 4375 id
198 4310 318 4398 quidus
342 4311 448 4378 modis
471 4324 709 4400 assequeretur,
732 4311 812 4380 dum
830 4311 895 4380 sibi
912 4334 1052 4401 reqnum
1071 4325 1221 4403 peroret,
1239 4313 1418 4401 quicquum

135 4417 236 4506 pensi
249 4417 408 4498 dolebam
432 4420 472 4486 cl.
492 4422 545 4498 44,
564 4420 603 4497 6;
624 4422 678 4498 tu,
699 4422 736 4498 4;
755 4420 790 4484 3⁰
811 4421 841 4485 in
866 4423 1011 4487 oratione
1031 4421 1199 4500 indirecta,
1214 4422 1285 4506 lug.
1303 4421 1358 4498 68,
1383 4421 1415 4499 3;

145 4524 214 4589 Cat.
231 4526 264 4606 7,
279 4525 313 4604 6,
329 4547 362 4591 se
376 4524 515 4612 quisque
530 4524 654 4591 lostam
666 4525 784 4614 ferire,
798 4548 933 4593 murum
948 4524 1155 4608 adscendere,
1168 4525 1323 4616 conspici,
1337 4524 1417 4592 dum

178 4701 199 4750 4.
217 4700 253 4751 ct.
265 4701 391 4751 Matthias
402 4701 434 4751 ad
450 4701 502 4752 Cic.
516 4700 592 4750 Catil.
606 4703 630 4763 4,
645 4705 669 4758 6,
682 4705 708 4751 44
722 4717 728 4750 :
740 4703 996 4754 «Perfectumfuturi
1006 4703 1088 4753 exacti
1096 4703 1251 4767 potestatem
1266 4703 1418 4765 habet,gra-

146 4769 203 4818 vius
210 4775 294 4822 tamen
302 4772 444 4835 affirmasse,
454 4773 476 4822 si
483 4773 588 4836 quidem
598 4788 629 4822 ne
640 4773 720 4823 futuri
729 4773 833 4837 quidem
840 4773 993 4838 significatio
1003 4774 1086 4835 adest,
1093 4774 1139 4823 sed
1148 4790 1198 4824 una
1207 4774 1246 4824 rei
1253 4773 1415 4839 praeteritae.»
