3534 5720
919 414 1113 472 -ttn-

381 558 477 624 animi
490 558 636 624 allectum
653 556 832 636 retulerint,
849 557 904 642 qui
922 557 1125 624 Ramsltornii
1140 577 1229 624 error
1247 558 1324 642 44ιὲ
1343 557 1418 622 486.
1436 555 1499 622 Sed
1512 531 1573 622 oon
1587 556 1638 622 mi·
1742 547 1749 563 '‘

381 683 442 730 nus
456 664 603 750 frequens
615 662 685 748 ejus
699 673 745 727 est
761 683 837 728 usus
852 663 883 727 in
898 683 1005 730 rerum
1020 663 1244 749 descriptione,
1257 663 1311 729 ubi
1327 683 1398 748 quae
1414 671 1507 728 antea
1520 681 1641 747 genera·
1745 666 1749 679 '

383 770 456 838 liter
481 781 573 836 eraut
600 767 764 836 enuntiata
794 771 971 836 accuratius
997 772 1209 857 explicantur.
1248 769 1447 836 lulinitivum
1477 769 1562 836 enim
1587 788 1641 834 non

383 890 446 944 tam
471 877 513 942 rei
530 875 717 942 enarrandae
739 896 836 962 quam
861 877 1060 944 illustrandae
1077 878 1220 956 inservit,
1243 876 1438 961 modumque
1464 875 1574 962 agendi
1595 895 1643 941 ex·

382 985 490 1071 plicat.
509 1009 523 1046 a
542 985 619 1064 Qua
639 983 769 1068 quidem
783 984 952 1070 explicatio
966 996 997 1050 et
1013 984 1209 1074 imperfecta,
1230 994 1262 1048 at
1282 984 1392 1067 aliqua
1407 1002 1445 1049 ex
1463 993 1552 1068 parte
1571 983 1643 1048 lalsa
1750 987 1751 990 ’

382 1101 440 1170 est,
462 1090 637 1176 praesertim
662 1110 761 1177 quum
785 1090 978 1157 infinitivum
1004 1090 1190 1156 historicum
1214 1089 1437 1175 descriptionis
1457 1109 1583 1176 quoque
1600 1109 1640 1156 en

382 1197 556 1282 primendae
582 1217 649 1263 esse
669 1197 850 1275 contendat,
869 1217 965 1283 quem
987 1217 1140 1275 errorem,
1164 1197 1347 1282 aGrysurio
1372 1207 1548 1282 acceptum,
1572 1195 1642 1262 inira

381 1304 591 1370 refutabimus
607 1303 629 1368 ¹.
1189 1365 1190 1370 ,

424 1412 509 1476 Inter
528 1411 750 1496 grammaticos
777 1419 890 1475 nostrae
911 1411 1012 1484 aelatis
1038 1410 1160 1498 primus
1184 1419 1232 1476 est
1253 1412 1432 1495 Kruegerus
1458 1410 1470 1443 ²
1497 1409 1554 1496 qui
1579 1428 1644 1474 vero

383 1516 561 1604 proximum
577 1515 700 1601 aliquid
719 1515 757 1582 de
776 1536 814 1581 ea
826 1536 859 1580 re
875 1518 1069 1603 prospexerit
1089 1541 1097 1582 :
1116 1517 1183 1596 sed,
1203 1538 1275 1583 mea
1288 1517 1418 1603 quidem
1432 1513 1599 1593 sententia,
1617 1517 1644 1580 in

381 1645 417 1690 eo
434 1633 540 1709 peccat
552 1623 637 1709 quod
654 1622 848 1688 infinitivum
872 1624 1058 1690 historicum
1073 1635 1145 1692 cum
1164 1625 1262 1690 solius
1281 1625 1428 1710 subjecti,
1445 1625 1585 1708 neglecto
1599 1607 1644 1688 ne·

381 1729 518 1795 cessario
542 1729 727 1812 praedicato,
754 1730 960 1814 usurpatione
980 1732 1112 1810 confert,
1128 1751 1228 1818 quum
1249 1743 1356 1796 tamen
1377 1731 1410 1796 in
1436 1731 1502 1796 loco
1523 1731 1561 1796 ab
1583 1728 1643 1815 ipso

384 1834 524 1914 laudato,
540 1836 610 1919 lug.
634 1836 687 1913 at,
703 1834 733 1911 l,
754 1838 910 1917 (ceteram
918 1835 1023 1924 socies
1040 1838 1138 1902 totius
1151 1837 1263 1925 nepoti
1275 1837 1383 1918 ouria,
1406 1835 1543 1915 incerto,
1557 1833 1643 1922 (cedo

382 1954 481 2029 atque
504 1939 730 2006 miserabilis:
756 1938 935 2030 dispersio
953 1943 1021 2008 suis
1041 1964 1122 2030 pars
1145 1941 1270 2024 cudere,
1297 1943 1359 2009 olii
1380 1942 1520 2032 insequi,
1550 1962 1645 2030 nepae

381 2048 601 2136 atqueaeque
620 2044 749 2114 orditres
772 2046 960 2128 observnre3
982 2048 1041 2114 aot
1062 2069 1225 2136 peremptae
1235 2048 1424 2138 periculum
1447 2061 1588 2138 ceperat,
1605 2046 1646 2112 tta·

383 2155 529 2220 resistere
548 2177 587 2219 oc
606 2152 810 2242 propulsare
818 2179 827 2234 ;
859 2177 968 2235 armo,
991 2154 1068 2236 telo,
1097 2154 1184 2243 eqni,
1214 2155 1288 2236 oiri,
1312 2155 1415 2222 laertes
1438 2166 1538 2242 atque
1570 2154 1644 2220 einer

376 2260 567 2350 permina),
594 2266 639 2326 rrs
660 2281 771 2326 sensus
797 2263 913 2327 nonin
937 2263 1085 2347 subjectis
1108 2263 1223 2348 vigeat,
1250 2260 1304 2328 sed
1329 2262 1360 2328 in
1375 2261 1557 2346 praedicatis
1584 2281 1646 2347 quae

295 2393 296 2396 ¹
383 2369 520 2453 speciose
542 2381 666 2434 tantum
683 2369 837 2434 attributa
860 2370 934 2434 sint.
952 2370 1078 2435 Rectius
1101 2370 1197 2454 igitur
1216 2369 1402 2436 contulisset
1416 2387 1489 2434 cum
1504 2359 1646 2452 subjectis

382 2475 500 2560 quibus
519 2474 690 2542 affirmatio
708 2495 763 2561 per
783 2475 987 2560 participium
1004 2485 1058 2541 aut
1074 2476 1263 2562 adjectivum
1280 2475 1428 2562 jungitur
1454 2497 1462 2540 :
1489 2495 1564 2540 nam
1583 2473 1645 2540 sub·

380 2581 461 2664 jecta
477 2600 540 2645 non
556 2593 726 2647 occurrunt
741 2584 819 2648 sola.
843 2582 1003 2669 Ejusmodi
1021 2581 1107 2648 enim
1129 2593 1308 2661 structurae,
1331 2602 1394 2648 rron
1411 2583 1493 2659 aliae,
1514 2581 1647 2648 medium

384 2689 467 2753 inter
485 2689 655 2752 enunciata
678 2707 750 2754 cum
774 2689 878 2754 verbis
897 2688 995 2754 finitis
1012 2699 1130 2756 structa
1146 2700 1176 2755 et
1193 2689 1389 2756 infinitivum
1403 2689 1588 2756 historicum
1608 2697 1648 2753 te·

382 2813 457 2859 nere
474 2804 605 2878 possunt
621 2795 735 2859 locum.

423 2901 1649 2990 PostrllumreroGrpsarius³adltucinveteratisdahacquaestioueerroriltus

384 3008 536 3085 imbutus,
554 3008 636 3072 inter
658 3010 750 3090 plura
769 3027 845 3073 vera
867 3009 1023 3074 nonnulla
1039 3009 1133 3076 etiam
1149 3030 1262 3095 parum
1287 3019 1396 3076 exacta
1414 3009 1560 3096 protulit,
1577 3018 1606 3074 et
1621 3007 1649 3071 iu

381 3133 439 3180 sna
459 3114 569 3178 histor.
598 3113 688 3178 infin.
718 3113 903 3180 definitione
925 3115 1082 3202 praecipue
1102 3117 1233 3195 erravit,
1250 3116 1358 3184 dicens
1375 3117 1406 3182 in
1426 3136 1463 3182 eo
1479 3115 1579 3181 inesse
1598 3134 1648 3192 cu·

328 3208 331 3216 ’
378 3219 506 3306 jusdam
523 3229 623 3286 status
639 3220 670 3286 in
692 3221 852 3306 praeterito
872 3241 943 3288 cum
958 3223 1070 3289 ellectu
1091 3223 1346 3310 descriptionem,
1362 3223 1417 3311 qui
1435 3243 1490 3308 per
1503 3221 1650 3289 'definitas

382 3326 538 3413 quasdam
556 3326 675 3412 species
690 3325 785 3392 citius
804 3327 965 3395 tardiusve
981 3327 1115 3395 invicem
1130 3329 1332 3396 succedentes
1349 3329 1535 3396 manifestus
1553 3329 1600 3394 irat

383 3433 466 3499 Satis
481 3434 568 3499 enim
583 3443 705 3499 constat
720 3435 889 3500 celeritatis
910 3445 941 3502 et
965 3437 1140 3502 alacritatis
1163 3437 1323 3502 notionem
1342 3455 1412 3502 cum
1428 3435 1564 3503 absoluti
1582 3447 1651 3501 tem·

381 3540 468 3625 poris
484 3548 540 3606 aut
558 3550 659 3606 status
684 3541 799 3607 notitia
817 3562 878 3606 non
903 3542 1068 3608 conciliari
1090 3562 1195 3630 posse;
1214 3563 1288 3608 nam
1302 3544 1326 3608 si
1345 3543 1384 3608 de
1408 3552 1491 3608 statu
1514 3543 1649 3628 quodam

381 3656 505 3732 agatur,
528 3646 651 3734 aliquid
675 3668 737 3714 non
758 3647 926 3714 definitum
945 3649 1147 3734 cogitandum
1162 3660 1220 3729 est,
1241 3670 1341 3735 quum
1368 3649 1448 3715 actio
1473 3648 1605 3716 definita
1621 3659 1651 3714 ut

380 3752 519 3838 quodam
532 3753 625 3818 modo
639 3765 826 3840 permaneat
840 3774 875 3820 ac
890 3755 983 3820 duret
998 3775 1123 3822 neeesse
1135 3756 1188 3821 sit.

423 3861 495 3926 Post
510 3860 696 3945 Grysarinm
716 3861 874 3947 Spiessius
889 3861 927 3928 de
943 3861 1102 3929 infinitivo
1118 3863 1267 3929 historico
1282 3863 1522 3947 grammaticam
1543 3864 1649 3950 dispu-

381 3966 532 4034 tationem
554 3967 681 4052 scripsit
704 3968 929 4054 (Wiesbadem,
958 3969 1071 4054 4847),
1089 3989 1186 4054 quam
1201 3970 1343 4055 quidem,
1373 3990 1391 4034 a
1416 3970 1648 4036 Badstuebnero

382 4073 419 4157 (l.
438 4074 461 4137 l.
483 4093 513 4158 p.
539 4074 595 4158 45)
619 4073 796 4153 laudatam,
824 4077 914 4140 nullo
938 4076 1030 4141 modo
1048 4096 1159 4161 parare
1174 4077 1274 4161 potui.
1301 4077 1469 4142 Praeterire
1490 4097 1562 4143 vero
1591 4095 1650 4142 non

382 4199 508 4265 possum
526 4179 558 4246 id
579 4179 665 4266 quod
690 4180 844 4259 Dreisius,
872 4182 904 4246 in
926 4202 1085 4268 program.
1112 4183 1256 4249 llleldorl.
1289 4183 1386 4261 4837,
1404 4203 1435 4268 p.
1457 4185 1510 4265 44,
1529 4184 1567 4249 44
1583 4184 1646 4250 Cat.

351 4415 355 4429 x
409 4371 434 4490 ἑ.
448 4369 567 4505 {rigago
578 4372 747 4491 1(airiammrriik
762 4442 808 4491 der
820 4442 907 4492 latein.
921 4443 1045 4506 Spraclre.
1063 4445 1191 4504 Hanovre,
1210 4447 1278 4503 tuta,
1295 4445 1346 4493 vol.
1361 4460 1389 4504 11,
1405 4461 1428 4509 p.
1440 4450 1495 4502 594.
1506 4449 1566 4496 Not.
1584 4451 1605 4497 4.

410 4513 433 4560 3.
449 4513 477 4560 Ε.
496 4513 519 4561 Ι.
539 4517 651 4575 Grysur.
672 4512 781 4562 Theorie
800 4514 846 4562 des
862 4514 1029 4564 lateinisches
1049 4515 1134 4564 Stiles.
1150 4515 1274 4578 Cologne,
1290 4519 1359 4575 4843,
1373 4517 1434 4566 edit.
1451 4529 1480 4567 rr·
1502 4534 1526 4582 p.
1540 4521 1649 4568 too-785.

410 4582 433 4630 4.
450 4600 462 4625 «
474 4581 629 4630 Esenthalte
644 4582 690 4631 der
704 4582 862 4632 historische
875 4583 983 4632 lniinitii
993 4584 1033 4632 die
1046 4584 1093 4633 mit
1103 4585 1187 4634 Affact
1198 4587 1376 4649 gesprochene
1390 4587 1565 4652 Schilderung
1584 4588 1649 4635 eines

379 4665 560 4716 vergangenen
571 4653 718 4712 Zustandes,
738 4653 783 4702 der
802 4655 859 4704 sich
873 4654 899 4703 in
915 4655 1110 4706 vereinzelntern
1124 4657 1346 4722 Eracheioungen‚
1363 4657 1404 4708 die
1419 4659 1493 4708 mehr
1510 4660 1573 4710 oder
1587 4657 1650 4707 min-

380 4721 425 4770 dot·
437 4723 516 4772 rasela
525 4723 612 4772 aulein
622 4723 702 4772 ander
715 4724 810 4788 tolgan,
825 4725 895 4774 kund
909 4725 972 4790 gibt.
992 4743 1005 4770 a
1606 4751 1609 4758 ,

979 4809 989 4829 0
