3534 5720
658 445 854 502 -145-

109 589 245 678 quiaque
252 588 384 670 ducere,
394 589 539 669 tradere,
549 595 696 679 rapere),
707 591 843 657 autaliis
854 589 1008 676 ejusmodi
1022 589 1214 675 comparatis
1229 591 1306 656 oriri
1318 611 1395 661 sane

118 697 240 763 debuit.

154 805 271 870 Nostra
290 823 364 870 vero
387 815 478 870 aetate
494 823 587 870 nemo
602 804 668 870 lere
682 813 826 890 superest
846 804 854 838 ¹
871 804 925 890 qui
946 805 1002 869 hac
1020 803 1130 870 leviori
1148 803 1329 889 explicandi
1347 824 1394 869 ra·

113 912 198 978 tione
218 921 384 978 contentus
399 912 457 992 sit3
475 911 532 977 sed
558 931 658 998 quum
676 931 785 977 veram
804 910 946 977 historici
966 899 1115 976 infinitivi
1141 917 1290 976 naturam
1306 910 1393 976 inda·

108 1038 183 1105 gare
215 1019 390 1085 volucrunt
413 1017 473 1083 viri
499 1018 594 1098 docti,
618 1018 763 1104 plerique
789 1017 988 1104 imperfectas
1008 1017 1231 1084 subtilioresve
1257 1017 1394 1103 explica-

110 1126 209 1192 tiones
241 1126 441 1203 attulerunt,
468 1145 547 1210 quas
572 1125 713 1191 breviter
733 1144 909 1191 memorare
931 1123 1017 1189 baud
1048 1124 1223 1190 absurdum
1244 1125 1316 1190 erit.
1351 1126 1389 1191 Α.

109 1233 225 1299 llobr²
246 1242 277 1298 et
293 1233 351 1298 Ch.
369 1233 422 1298 Fr.
450 1231 593 1298 Prahm³
620 1231 815 1298 infinitivum
834 1231 1022 1297 historicum
1041 1230 1179 1296 orationi
1195 1231 1391 1297 celeritatem

110 1349 203 1425 atque
219 1339 419 1405 alacritatem
444 1337 561 1404 addere
583 1348 666 1404 recte
689 1338 935 1415 intellexerunt;
962 1339 1144 1423 paulopost
1171 1337 1344 1405 Muellerus
1364 1339 1389 1418 ⁴,

111 1447 163 1532 qui
180 1445 367 1531 diligentius
390 1464 425 1510 ac
445 1443 604 1530 copiosius
625 1445 663 1510 de
678 1445 739 1513 hac
761 1465 794 1511 re
814 1443 1001 1530 disputavit,
1028 1443 1093 1509 haec
1116 1444 1288 1511 denatura
1313 1445 1388 1511 bist.

112 1553 227 1618 inlinit.
250 1551 409 1637 scripsit:
445 1577 456 1612 ι
484 1552 543 1618 Ubi
570 1571 642 1618 uero
669 1551 804 1638 insurgit
830 1551 945 1629 oratio,
965 1553 998 1617 ‘et
1027 1559 1076 1616 res
1100 1561 1207 1636 gesta,
1234 1572 1314 1638 quas
1334 1553 1388 1637 qui

112 1659 220 1726 scribit
232 1669 386 1744 tanquam
410 1660 589 1744 spectaculo
610 1678 748 1744 praesens
767 1659 1014 1743 contemplatur,
1030 1658 1250 1743 magnitudine
1266 1679 1323 1724 sua
1340 1659 1390 1723 in-

112 1767 214 1852 signes
233 1776 264 1831 et
280 1765 451 1850 rapiditate
475 1763 615 1850 quadam
632 1756 861 1852 ¹celeritateque
888 1765 1037 1850 deinceps
1063 1776 1202 1850 aguntur
1219 1775 1250 1830 et
1282 1785 1390 1831 cumu-

114 1877 232 1951 lantur,
251 1873 296 1937 ita
316 1881 349 1936 ut
373 1872 515 1938 animum
538 1882 729 1937 commotum
745 1870 861 1937 visua
879 1872 976 1938 veluti
992 1871 1155 1957 abripiant
1163 1894 1172 1951 ;
1190 1883 1245 1937 aut
1259 1872 1313 1938 ubi
1331 1871 1389 1937 ho-

113 1981 212 2046 mines
234 1979 462 2044 vehementiori
484 1978 593 2064 aliqua
617 1975 791 2065 cupiditate
809 1971 1011 2056 inflammati,
1034 1985 1069 2044 ut
1083 1969 1169 2056 odio,
1192 1979 1311 2058 lurore,
1328 1979 1387 2044 ira·

112 2086 241 2164 cundia,
275 2085 436 2172 pugnandi
458 2085 577 2166 studio,
603 2095 659 2152 aut
682 2085 830 2152 alacriori
852 2086 960 2170 aliquo
982 2086 1096 2151 allecta
1113 2085 1238 2170 perciti,
1263 2097 1299 2152 ut
1318 2106 1386 2171 per·

113 2193 305 2272 turbatione,
323 2193 547 2271 admiratione,
571 2193 695 2271 laetitia,
712 2200 811 2272 metu,
830 2202 884 2259 aut
903 2193 935 2258 in
952 2189 1192 2277 certaqnadam
1206 2192 1387 2260 conditione

112 2301 156 2366 uel
175 2299 457 2376 statu'uersantes,
483 2299 528 2366 ita
551 2299 642 2367 nobis
667 2299 885 2386 depinguntur
909 2299 1068 2364 ut'auimi
1088 2307 1192 2364 motus
1222 2319 1257 2365 ac
1280 2320 1385 2380 sensa,

13 2400 14 2430 ³
114 2407 229 2495 quihus
244 2399 349 2473 causis
365 2418 513 2493 agantur,
530 2407 649 2494 quidve
673 2407 810 2494 cogitent
834 2416 865 2473 et
880 2406 1067 2491 suscipiant,
1083 2394 1200 2472 intueri
1218 2427 1252 2473 ac
1268 2408 1386 2472 sentire

115 2515 283 2601 posimuss,
307 2524 382 2580 tuuc
397 2515 579 2600 scriptores,
605 2513 737 2603 infinito
749 2509 896 2601 quodam
919 2534 1012 2579 sensa
1026 2511 1128 2594 ducti,
1147 2512 1191 2579 ita
1205 2525 1240 2580 ut
1251 2534 1300 2580 res
1313 2517 1386 2578 uni-

114 2641 197 2688 rarse
214 2621 433 2688 tantummodo
454 2622 623 2688 enuntiare
647 2621 894 2707 necquidquam
917 2634 1032 2707 prater
1053 2621 1154 2706 ipsam
1184 2620 1341 2686 actionem
1356 2631 1387 2686 et

114 2729 194 2796 unde
221 2727 440 2814 proficiscatur
462 2728 641 2815 significare
666 2728 799 2814 possint,
826 2747 889 2792 non
909 2727 1041 2793 definito
1065 2727 1152 2793 verbi
1178 2737 1318 2814 tempore
1339 2728 1384 2820 uti

113 2837 225 2916 solent,
249 2835 304 2902 sed
329 2835 496 2901 infinitivis
523 2835 692 2926 historicis.
719 2861 731 2894 ι
757 2835 812 2900 His
828 2834 1000 2900 assentitur
1021 2832 1288 2900 Badstucbnerius
1305 2833 1341 2919 (l.
1361 2825 1389 2900 lss'

114 2964 141 3028 p.
165 2944 350 3027 45),eaque
367 2937 485 3009 addit:
512 2970 523 3002 ι
550 2943 659 3029 ltaque
682 2942 715 3007 in
738 2941 876 3006 maximo
896 2961 1003 3006 errore
1023 2936 1202 3020 reisautur,
1225 2941 1294 3026 qui,
1310 2943 1385 3008 uhi-

112 3068 245 3135 cumque
261 3049 398 3115 orationi
422 3049 600 3115 infinitivus
619 3047 789 3115 historicus
815 3049 951 3114 intextus
974 3057 1032 3125 est,
1059 3057 1177 3114 certam
1199 3065 1329 3114 causam
1350 3067 1385 3113 ac

114 3157 267 3224 rationem
283 3156 487 3241 quaerendam
504 3155 563 3222 sibi
579 3176 644 3222 esse
661 3148 787 3241 putant,
814 3154 1070 3242 conscriptorem
1086 3155 1169 3221 bunc
1186 3149 1305 3240 ipsum,
1321 3173 1384 3219 non

12 3263 13 3334 ἶ
114 3263 211 3330 alium
226 3263 379 3329 narrandi
395 3261 525 3328 modum
541 3261 691 3329 adhibere
707 3281 832 3328 necesse
848 3262 955 3339 luerit,
973 3271 1008 3328 ut
1025 3261 1213 3328 Gerlachius
1228 3261 1308 3327 Sall.
1331 3261 1381 3327 ed.

12 3391 13 3460 }
114 3370 185 3457 maj.
216 3391 263 3449 111,
285 3391 316 3455 p.
340 3371 416 3445 318,
444 3370 482 3435 ad
501 3371 569 3436 Cat.
594 3371 649 3448 ut,
670 3372 689 3436 d
709 3371 830 3472 etlJug.
855 3367 909 3446 32,
937 3369 970 3448 3,
995 3369 1145 3435 subtilius
1161 3388 1259 3454 quam
1277 3369 1385 3434 uerius

12 3563 13 3574 ἢ
115 3478 196 3545 tecit.
221 3503 233 3539 ι
251 3477 429 3544 Fatendum
447 3486 494 3542 est
514 3487 618 3543 tamen
638 3478 785 3544 omnibus
801 3478 865 3544 lere
881 3477 957 3543 locis
976 3487 1094 3542 certam
1108 3475 1318 3562 stabilemque
1333 3497 1385 3541 ra·

12 3585 13 3592 ’
115 3585 230 3652 tionem
247 3586 280 3650 in
296 3583 486 3650 adhibendis
508 3583 608 3650 finitis
630 3584 838 3671 temporibus,
861 3584 914 3650 ubi
935 3583 1105 3669 historicus
1122 3575 1385 3668 infinitivusjure

116 3690 317 3778 usurpandus
339 3688 515 3769 videretur,
538 3701 593 3756 aut
613 3703 735 3770 contra,
757 3700 900 3757 secutum
923 3710 988 3756 esse
1013 3689 1216 3782 Sallustium,
1235 3708 1291 3756 neo
1313 3699 1385 3755 tan·

12 3779 13 3818 ³
115 3798 275 3866 tummodo
290 3797 477 3863 varietatem
491 3797 684 3884 quaesivisse.

155 3906 222 3972 Non
243 3906 380 3970 multum
400 3893 565 3995 dissimilis
580 3915 627 3971 est
648 3903 806 3973 Muellerii
829 3903 994 3970 sententiae
1011 3899 1171 3972 Gerlachii
1187 3903 1309 3989 opinio,
1329 3902 1383 3988 qui

116 4013 179 4078 loco
199 4031 297 4104 supra
312 4001 442 4078 laudato
457 4008 524 4078 haec
546 4012 623 4079 dicit
647 4035 654 4078 :
674 4017 695 4071 ἰ·
713 4013 793 4078 Cum
817 4007 913 4098 igitur
927 4001 1043 4096 sapius
1059 4009 1219 4076 actionum
1234 4009 1381 4086 varietas,

116 4120 160 4206 vel
180 4118 293 4184 subita
307 4137 414 4184 rerum
429 4119 620 4185 mutationes
642 4118 799 4216 infinitivo
814 4118 966 4183 historico
983 4119 1213 4212 exprimantur,
1232 4116 1324 4181 tacite
1339 4124 1386 4181 est

119 4225 276 4292 intellectu
293 4225 350 4290 cur
364 4224 511 4291 nonnulli
540 4226 636 4313 hujus
655 4237 823 4292 structurae
836 4225 992 4290 rationem
1007 4224 1099 4289 unice
1118 4222 1156 4289 ad
1171 4223 1385 4288 commotioris

145 4428 169 4474 l.
190 4423 266 4474 Hanc
277 4429 364 4473 tamen
379 4424 577 4488 explicationem
589 4424 675 4474 adhuc
692 4424 837 4473 invenimus
848 4423 874 4472 in
886 4421 1125 4472 editioneSallustii
1143 4435 1159 4470 a
1173 4403 1384 4484 gallico'proles·

118 4509 173 4545 sore
189 4496 300 4546 Marcoo
315 4510 396 4560 nuper
411 4495 521 4559 prolata,
536 4511 564 4559 p.
583 4497 637 4546 287.
720 4530 724 4540 ι

144 4570 167 4618 2.
183 4569 212 4619 Α.
229 4565 309 4618 lloltr.
326 4566 413 4616 Ueber
428 4567 477 4616 den
489 4566 666 4616 historischen
683 4564 801 4628 Indulsit,
818 4564 977 4628 Meiningen,
994 4567 1066 4614 1822.

145 4641 168 4761 i
184 4640 307 4762 iggitur
317 4709 354 4760 De
366 4725 414 4760 usu
428 4716 505 4774 atque
520 4715 613 4760 natura
628 4707 741 4758 infinitivi
758 4708 875 4768 historici
891 4708 959 4772 apud
975 4707 1088 4766 Latinos,
1100 4687 1283 4765 commentitio
1301 4718 1391 4771 granta

119 4782 216 4832 metica.
235 4783 329 4846 Progr.
347 4781 425 4843 Celle,
441 4784 510 4832 1833.
