3576 5724
879 451 1076 510 -230-
1189 510 1191 522 ,

341 593 392 660 die
407 592 509 660 dltere
523 594 662 680 Spracbe
681 595 804 660 scheint
824 596 1007 681 iiberbaupt
1026 594 1083 660 das
1114 595 1274 680 Supinum
1296 596 1327 660 in
1341 613 1516 680 groesserer
1534 595 1622 662 Aus-

342 700 493 785 dehnnng
507 700 553 766 als
569 701 620 767 die
633 709 765 787 spaetore
779 703 953 789 gebranobt
972 724 1009 767 zn
1025 702 1141 767 baben.
1166 727 1192 774 s

386 807 421 873 3ο
439 807 568 894 Objeota
583 809 769 896 supinorum
784 809 889 874 varias
905 809 1022 874 turmas
1038 809 1187 874 exhibent
1206 829 1212 872 :

386 935 418 978 a.
438 915 646 992 Substantivi,
663 915 762 980 veluti
781 916 797 980 J
803 935 852 1000 ug.
874 916 929 993 93,
947 917 980 994 7,
997 913 1126 980 illarius
1138 935 1212 980 euna
1227 913 1350 1000 Lipare
1363 913 1531 1002 promissa
1547 913 1623 1002 ejus

342 1019 509 1109 copreitnm
537 1042 577 1086 11
600 1020 816 1108 praesentibus
831 1021 920 1087 misit
934 1024 987 1105 (cl.
1009 1024 1079 1108 lug.
1110 1022 1219 1100 18,1;
1251 1023 1305 1099 77,
1322 1023 1359 1101 2;
1378 1022 1459 1086 llist.
1492 1041 1539 1099 ιιι,
1559 1021 1619 1097 82,

345 1128 507 1211 15111).

388 1233 418 1299 b.
437 1234 633 1300 substantivi
664 1236 825 1300 enunciati
842 1255 913 1301 enm
936 1257 989 1314 ne,
1006 1237 1077 1320 lug.
1107 1235 1163 1314 83,
1186 1237 1217 1316 1,
1239 1232 1363 1322 lepores
1382 1231 1429 1298 od
1454 1231 1622 1298 Bocchum

343 1339 445 1406 mittit
455 1339 664 1429 postulatum
687 1363 728 1406 ne
746 1340 815 1408 sine
834 1363 935 1408 cereso
959 1341 1060 1408 bostis
1075 1341 1201 1430 populo
1230 1345 1381 1408 Ilnrneno
1396 1341 1504 1429 fieret.

387 1469 414 1513 c.
437 1447 583 1534 Obliqnae
597 1449 870 1534 interrogationis,
885 1451 956 1533 lug.
975 1450 1078 1526 5111,
1096 1461 1206 1514 tomen
1222 1447 1355 1514 interim
1376 1447 1569 1536 transfugas
1589 1457 1622 1511 et

343 1553 426 1619 elios
445 1566 658 1642 opportunos,
675 1553 843 1642 1191111111
863 1553 923 1620 cidi
941 1555 1168 1643 peratiurmout
1178 1552 1261 1641 qnid
1269 1553 1424 1642 agitaret,
1446 1575 1522 1619 cnm
1531 1574 1619 1642 pau-

343 1660 428 1726 cisne
443 1671 524 1727 esset
541 1682 585 1726 cn
600 1660 779 1727 coercitum
812 1660 958 1743 baberet,
980 1672 1019 1728 nt
1034 1683 1102 1728 sese
1116 1661 1220 1727 uictus
1247 1671 1375 1748 gereret
1406 1658 1620 1749 repleretum

344 1767 444 1834 misit.

387 1878 423 1942 Β.
449 1867 711 1942 4811111111
736 1899 767 1942 u.

390 1984 423 2048 l⁰
447 2010 457 2042 ι
483 1983 643 2062 [11111111
663 1983 779 2070 supino
803 1983 835 2049 in
856 2005 879 2048 n
898 1981 1068 2063 desinenti,
1086 1981 1171 2068 qnod
1194 1982 1384 2068 plerumque
1408 1979 1568 2045 ablativus
1588 1999 1625 2045 11

345 2107 579 2174 nonnunquam
592 2089 718 2156 dativus
738 2090 876 2157 nominis
890 2088 1029 2156 verbalis
1044 2099 1091 2154 est
1109 2090 1162 2175 (cl.
1179 2088 1278 2155 Prisc.
1300 2089 1333 2166 9,
1351 2087 1398 2174 9),
1423 2083 1525 2172 panca
1541 2085 1625 2171 adji-

347 2217 416 2262 cere
431 2217 467 2262 11
484 2197 590 2262 minus
606 2197 721 2262 inutile
740 2217 807 2264 esse
821 2196 960 2276 videtur,
982 2196 1067 2282 qnod
1085 2197 1276 2282 interpretes
1297 2195 1445 2280 pluribus
1462 2194 1551 2272 locis,
1568 2192 1623 2259 nbi

349 2303 406 2369 illa
421 2303 508 2370 verbi
531 2304 630 2369 torma
648 2325 665 2369 a
681 2303 833 2389 scriptore
850 2305 1003 2390 usurpata
1018 2313 1078 2380 est,
1105 2303 1137 2367 in
1158 2301 1324 2368 statuendo
1341 2301 1397 2366 illo
1412 2299 1497 2388 quod
1512 2319 1623 2366 verum

348 2421 394 2477 est
409 2431 518 2496 parurn
534 2411 747 2478 consentiunt.
766 2411 906 2478 Kritzins
921 2415 1006 2476 enim
1022 2421 1052 2476 et
1065 2409 1237 2496 Herzogius
1251 2430 1288 2475 ex
1299 2409 1531 2475 nonnullorum
1541 2407 1625 2474 codi-

347 2539 417 2585 curn
436 2519 497 2584 fide
513 2519 718 2605 participium
739 2518 868 2604 perlecti
884 2517 999 2605 passivi
1014 2519 1145 2606 fectum
1167 2537 1224 2603 pro
1246 2516 1361 2601 supino
1373 2515 1470 2602 [1111
1488 2515 1623 2601 scripse·

348 2635 423 2691 rnnt
438 2627 506 2692 ilat.
530 2625 585 2705 32,
611 2627 643 2706 l,
667 2637 840 2714 optumum
858 2625 954 2712 suctu
975 2624 1107 2690 credens
1126 2623 1305 2689 eneroitnna
1324 2643 1460 2710 cupere,
1484 2623 1623 2709 itemque

349 2735 417 2799 Cat.
437 2734 491 2813 55,
512 2735 545 2812 1;
564 2735 619 2806 57,
637 2735 673 2812 5;
691 2735 762 2818 lug.
783 2735 858 2809 197,
876 2734 907 2797 5.
926 2733 1064 2799 Kritzius
1080 2731 1250 2797 discrimen
1261 2728 1346 2816 quod
1361 2729 1625 2814 interutramqne

348 2851 538 2906 structuram
557 2841 723 2906 intercedit
737 2841 780 2906 sic
792 2840 913 2918 statuit,
930 2850 964 2906 nt
981 2839 1148 2925 participio
1163 2838 1241 2924 perf.
1261 2857 1360 2923 pass,
1374 2836 1459 2922 qnod
1476 2857 1543 2902 rem
1557 2855 1627 2922 per·

348 2949 461 3013 lectam
476 2946 643 3032 significet,
663 2947 881 3013 tantummodo
898 2947 1061 3034 singulare
1082 2945 1206 3033 aliquid
1226 2945 1330 3010 notari
1347 2942 1525 3024 existiman
1542 2943 1629 3029 snpi-

348 3074 426 3119 num
444 3065 642 3141 aulamque
663 3055 821 3140 generalis
839 3052 1040 3120 contineatur
1058 3052 1146 3119 verbi
1163 3051 1263 3130 notio,
1281 3051 1429 3117 universe
1445 3069 1513 3116 rem
1530 3069 1630 3136 agen-

349 3160 422 3226 dam
438 3160 614 3245 exprimere
630 3171 660 3226 et
677 3161 773 3226 111111
788 3175 908 3247 patere.
928 3160 976 3226 dd
991 3180 1087 3247 qnam
1103 3159 1293 3225 sententiam
1310 3157 1535 3224 stabiliendam
1555 3159 1629 3223 lan-

349 3267 404 3333 dat
426 3267 605 3333 Bentleinm
627 3267 667 3333 ad
689 3269 760 3333 Ter.
788 3266 886 3332 Andr.
917 3288 938 3344 ι,
962 3268 995 3344 5,
1022 3267 1051 3344 1,
1070 3265 1217 3331 bocinest
1244 3265 1341 3352 [netu
1360 3263 1547 3330 domenum
1567 3275 1633 3330 ont

349 3373 504 3464 ireceptu‘l
521 3375 586 3441 Cic.
610 3375 662 3440 oll.
682 3397 704 3454 1,
722 3375 754 3451 3,
774 3376 806 3450 7,
823 3372 1037 3438 honestumne
1053 3372 1149 3460 fectu
1167 3371 1210 3438 sit
1230 3393 1275 3436 un
1295 3382 1391 3460 turpe
1422 3368 1580 3436 duditant
1592 3369 1633 3436 id

349 3479 440 3569 quod
449 3479 485 3546 t‘n
503 3479 771 3546 deliberationem
786 3478 885 3559 cudit,
903 3501 1000 3565 qnam
1018 3480 1207 3545 sententiam
1220 3479 1384 3558 Horatius,
1403 3490 1438 3544 ut
1461 3487 1567 3564 poeta,
1587 3479 1630 3545 ad

350 3589 509 3673 singulam
524 3607 589 3654 rem
606 3588 799 3653 revocaverit
819 3589 885 3654 Sat.
904 3608 926 3665 ι,
945 3589 976 3665 l,
996 3589 1071 3664 tel,
1091 3585 1157 3652 sive
1176 3584 1320 3666 uetabat,
1338 3607 1383 3651 on
1397 3584 1458 3652 boc
1472 3584 1629 3652 inhones-

351 3705 420 3759 tum
434 3705 466 3760 et
479 3692 596 3759 inutile
607 3695 738 3782 foetum
752 3715 851 3759 necne
865 3693 919 3775 sit,
937 3691 1122 3760 addubites.
1140 3693 1293 3760 Eamdem
1313 3694 1466 3759 rationem
1488 3693 1629 3758 affirmat

351 3801 621 3868 Sallustianorum
635 3803 853 3887 exemplorum
869 3821 949 3881 esse,
965 3801 1033 3879 nbi,
1050 3822 1120 3888 qnae
1134 3801 1237 3866 adhuc
1252 3799 1430 3886 peragenda
1443 3799 1519 3878 sint,
1535 3800 1627 3886 qnasi

347 3907 412 3995 jam
432 3909 514 3974 11111
534 3909 684 3974 inunum
699 3907 1021 3992 comprehendantur,
1039 3928 1102 3994 quo
1123 3907 1258 3974 artificio
1274 3916 1305 3973 et
1321 3906 1421 3972 Graeci
1442 3897 1476 3970 ‘et
1492 3907 1628 3972 Romani

351 4014 437 4081 band
466 4035 581 4100 parum
609 4015 846 4101 perspicuitatis
870 4027 899 4081 et
923 4016 1092 4102 elegantiae
1113 4014 1249 4081 orationi
1276 4011 1457 4079 concilient.
1492 4013 1629 4078 Fabrius

350 4133 472 4201 contra,
489 4122 684 4209 optimorum
700 4123 857 4189 librorum
874 4123 1063 4188 auctoritate
1089 4121 1190 4202 nisus,
1217 4123 1416 4206 alteramque
1433 4120 1628 4186 locutionem

352 4231 419 4295 ullo
435 4230 518 4297 alins
537 4230 701 4316 scriptoris
719 4231 862 4317 exemplo
883 4230 958 4295 satis
979 4229 1100 4296 muniri
1123 4227 1315 4314 delendique
1335 4247 1453 4316 negans
1473 4227 1629 4314 supinum

351 4338 496 4418 retinuit,
520 4338 605 4425 qnod
622 4338 706 4405 idem
724 4337 870 4422 quamvis
891 4337 1009 4402 invitus
1029 4336 1207 4402 Dietschius
1227 4335 1312 4400 lecit.
1337 4337 1365 4400 ls
1386 4335 1469 4402 eninr
1495 4335 1625 4420 partici-

352 4444 455 4532 pium,
472 4446 591 4532 qnippe
608 4445 640 4510 in
661 4464 724 4531 quo
739 4444 843 4531 major
861 4443 908 4508 vis
930 4442 1016 4522 insit,
1031 4464 1128 4530 quum
1140 4442 1225 4530 quod
1248 4442 1393 4507 futurum
1416 4440 1457 4505 sit
1470 4439 1538 4526 jam
1555 4461 1628 4525 per·

352 4554 469 4620 lectum
480 4553 645 4639 cogitetur,
662 4552 808 4618 Sallustii
822 4551 948 4636 ingenio
962 4550 1062 4635 magis
1075 4549 1241 4616 convenire
1257 4543 1413 4624 concedit,
1427 4544 1482 4630 qni
1497 4546 1626 4630 quidem

354 4659 534 4746 parimodo
553 4680 635 4748 opus
654 4670 701 4724 est
713 4678 839 4743 semper
857 4678 927 4723 cum
953 4657 1052 4722 ablat.
1071 4655 1228 4743 participii
1259 4654 1339 4740 pert.
1356 4673 1439 4739 pass.
1468 4651 1638 4740 junxerit,

353 4767 549 4848 Quibuscum
564 4767 589 4831 si
606 4767 839 4852 comparaveris
854 4786 925 4853 qnae
939 4764 1112 4852 Herzogins
1127 4762 1167 4828 ad
1186 4764 1253 4832 Cat.
1279 4762 1334 4840 33,
1359 4763 1374 4832 1
1394 4761 1432 4827 de
1450 4779 1488 4826 11
1508 4779 1543 4828 11
1562 4767 1626 4832 sla-
