3534 5720
673 460 716 473 -
743 423 798 488 tet
829 458 873 472 -

137 593 336 660 acquescens
348 581 441 659 atque
457 573 642 652 iterlacere,
659 582 767 638 eastra
777 572 919 652 martire,
937 569 1125 638 accubitum
1141 572 1283 659 iaperta
1294 570 1403 638 cobor-

137 679 176 746 tis
187 701 227 746 ea
239 677 434 768 lepioaibtts,
447 700 511 768 pre
524 677 639 744 eastris
656 679 778 766 equites
786 675 985 744 assallierios
999 677 1139 756 mittere,
1151 688 1311 766 praeterea
1322 676 1405 743 alios

135 808 232 876 saper
244 785 371 852 vallam
391 784 648 852 iamaaimeatis
663 783 783 865 locare,
807 783 939 873 aipilias
958 783 1028 874 ipse
1042 783 1226 850 circumire.
1246 785 1278 850 Si
1293 785 1407 870 gallice

137 892 358 970 animadversa
370 893 467 960 verba
480 912 536 978 per
556 893 776 978 imperfectum
789 891 950 958 indicativi
968 891 1224 967 transterremus,
1250 892 1281 956 in
1303 910 1408 957 enun-

137 1000 214 1066 tiato
229 998 417 1066 secundario
430 998 533 1084 posita
546 1019 622 1066 sane
632 1009 747 1064 essent.
762 999 982 1078 Quumautem
994 997 1111 1064 latinus
1120 1017 1236 1076 sermo,
1253 997 1286 1064 in
1297 997 1407 1064 simili-

136 1105 245 1172 tudine
261 1115 316 1172 aut
329 1104 593 1172 dissimilitudine
617 1104 835 1190 exprimenda,
853 1125 902 1170 res
928 1104 1011 1170 inter
1033 1124 1065 1170 se
1083 1106 1215 1170 collatas
1241 1104 1408 1190 particulis

135 1212 471 1299 copulativisjnngere
492 1213 605 1291 soleat,
626 1231 688 1278 nou
705 1212 806 1298 magis
828 1211 879 1276 hic
895 1210 1014 1278 mirari
1032 1210 1183 1278 debemus
1212 1210 1409 1276 infinitivum

135 1318 284 1385 collocari
308 1338 406 1405 quam
426 1319 649 1412 ‘imperfectum
673 1317 835 1384 indicativi
857 1317 1061 1394 miraremur,
1083 1317 1109 1382 si
1135 1317 1321 1395 Sallustius,
1344 1317 1408 1382 alio

136 1425 272 1492 orationi
293 1425 349 1490 toti
362 1425 466 1492 colora
484 1424 570 1506 dato,
590 1424 679 1492 linito
697 1436 835 1510 tempore
852 1445 928 1490 usus
943 1434 1035 1502 esset,
1054 1434 1087 1490 ut
1100 1425 1239 1490 actiones
1256 1424 1409 1506 pervices

136 1532 288 1618 temporis
303 1532 445 1618 singulas
459 1532 622 1618 repetitas,
636 1551 700 1599 non
715 1544 822 1598 autem
834 1531 944 1600 eodem
960 1539 1099 1617 tempore
1113 1531 1208 1597 simul
1225 1531 1409 1597 manifestas

136 1639 337 1724 exprimeret.

179 1746 213 1811 2⁰
235 1747 308 1832 lug.
326 1744 382 1824 70,
400 1746 433 1824 5,
453 1742 623 1810 Borrst'lcar
641 1742 744 1810 sintal
760 1741 900 1833 cupidus
915 1743 1047 1832 incepta
1057 1741 1224 1833 patrandi
1244 1753 1276 1809 et
1294 1742 1409 1808 timore

135 1850 203 1916 soci
214 1849 348 1928 aazias,
361 1872 401 1916 rte
416 1849 533 1918 omisso
548 1862 653 1917 vetere
667 1849 931 1936 consiliationem
948 1862 1118 1938 quaereret,
1136 1849 1261 1916 litteras
1275 1847 1322 1915 ad
1334 1870 1409 1916 eam

131 1979 195 2046 per
209 1955 358 2024 domines
370 1955 477 2045 fidelis
495 1955 608 2036 mittit,
627 1957 658 2024 in
679 1957 751 2044 quis
767 1955 943 2022 mollitiam
962 1955 1213 2044 socordiamque
1232 1955 1299 2022 viri
1315 1976 1407 2022 accu-

136 2084 218 2143 sare,
231 2063 339 2130 testari
353 2061 441 2144 deos,
448 2085 510 2151 per
523 2084 604 2151 paros
609 2063 802 2152 juravisset,
812 2084 939 2132 monere
949 2084 989 2130 rte
995 2063 1138 2153 praemia
1147 2061 1275 2130 Metelli
1287 2061 1407 2154 inpas-

138 2181 201 2235 tem
217 2180 431 2236 converteret.
449 2171 644 2258 Hicquoque
658 2173 696 2236 de
713 2171 866 2256 primario
882 2170 1050 2236 enunciato
1063 2171 1125 2256 agi,
1140 2170 1362 2236 inritisrerbis
1373 2168 1409 2233 ia

138 2275 384 2364 qais,nemoest
394 2277 471 2361 quin
483 2277 598 2342 videat.
610 2278 724 2344 Latina
734 2278 819 2343 euim
833 2277 942 2362 lingua
951 2277 1085 2343 relativa
1094 2277 1240 2344 verbaad
1246 2275 1411 2364 jungenda

137 2383 308 2450 enunciata
324 2383 460 2449 libenter
473 2383 615 2463 adhibet,
632 2385 740 2470 eisque
757 2384 804 2450 vel
823 2384 914 2450 initio
932 2383 1411 2469 primariorumenunciatorum

139 2490 253 2569 utitur,
270 2500 303 2556 ot
320 2489 418 2576 priori
436 2489 618 2568 enunciata,
632 2490 756 2576 quodet
772 2491 875 2576 ipsum
888 2492 1062 2577 perlectum
1077 2491 1192 2557 habeat
1203 2510 1343 2570 sensum,
1358 2510 1412 2556 no-

136 2617 211 2662 vum
226 2599 433 2662 enunciatum
450 2617 506 2682 per
521 2617 552 2662 se
566 2617 693 2684 quoque
709 2598 889 2664 absolutum
907 2597 1070 2690 adjungat.
1089 2597 1164 2665 lude
1180 2596 1215 2662 fit
1234 2607 1268 2662 ut
1282 2596 1348 2662 haec
1363 2591 1409 2662 r'e·

139 2703 250 2780 lativa,
268 2723 333 2787 qua
346 2701 425 2768 falso
441 2701 603 2779 dicuntur,
621 2704 803 2781 enunciata,
821 2703 889 2768 siin
906 2703 1050 2768 oratione
1068 2703 1409 2778 indirectaverseutur‚

101 2845 103 2848 ·
139 2809 354 2875 accusativum
374 2827 447 2874 cum
464 2809 634 2887 infinitivo,
652 2810 733 2876 sicut
747 2821 850 2876 cetera
868 2809 1021 2895 primaria
1036 2810 1219 2889 enurrciata,
1235 2809 1410 2894 accipiant3

138 2937 207 3002 qaae
221 2893 349 3002 (suidam
360 2916 552 2982 constructio
564 2915 649 3004 apud
659 2917 842 2984 Ciceronem
853 2916 1033 3004 (Videllep.
1046 2937 1071 2994 1,
1085 2916 1142 2995 143
1156 2915 1190 2984 in
1204 2917 1294 2982 Verr.
1308 2916 1363 2994 ta,
1373 2915 1408 3000 8)

139 3022 309 3108 reperitur.
339 3021 418 3088 llinc
444 3022 485 3088 ad
507 3021 701 3089 infinitivum
735 3023 933 3101 historicum,
958 3022 1121 3091 audaciori
1146 3023 1301 3091 sermonis
1336 3043 1409 3097 uso,

139 3129 224 3214 apud
244 3127 436 3194 Sallustium
452 3129 578 3194 transiit
593 3150 691 3216 genus
705 3129 785 3196 illud
800 3130 937 3196 dicendi.

181 3235 216 3300 3⁰
235 3235 306 3320 lug.
329 3235 384 3313 98,
406 3235 438 3314 2,
455 3234 597 3324 jamque
617 3233 683 3302 dies
701 3247 915 3326 consumptas
942 3247 1027 3315 erat,
1052 3255 1124 3302 cum
1151 3249 1255 3302 temen
1277 3234 1414 3302 barderi

139 3339 226 3407 nibil
237 3342 412 3421 remittere,
424 3353 534 3429 atque,
547 3342 597 3407 ati
609 3363 700 3430 repes
711 3353 949 3431 preceperant,
961 3353 1087 3408 anetem
1094 3363 1157 3431 pro
1168 3364 1201 3409 se
1210 3341 1289 3422 rati,
1302 3341 1412 3408 arrius

140 3445 270 3512 instare.
281 3445 491 3513 dudaoioreur
503 3450 598 3514 etiam
610 3448 698 3514 illins
712 3448 835 3514 dicendi
845 3449 971 3534 generis
983 3468 1075 3516 usum
1085 3449 1204 3534 praebet
1216 3449 1343 3514 tertium
1354 3448 1411 3514 hoc

140 3553 332 3638 exemplum,
351 3553 405 3618 ubi
428 3553 457 3618 in
475 3553 659 3634 enunciato,
676 3554 1000 3640 quodsecundarium
1012 3575 1078 3622 esse
1093 3555 1231 3634 videtur,
1248 3545 1322 3621 eum
1335 3574 1412 3620 con·

137 3659 259 3745 junctio
281 3657 463 3726 adhibetur.
482 3662 584 3740 Quam
600 3651 790 3728 structuram
806 3682 876 3729 cum
895 3661 1053 3729 infinitivo
1074 3661 1224 3728 historico
1239 3661 1412 3727 Sallustius

140 3767 243 3832 nescio
259 3785 298 3831 an
319 3767 441 3853 primns
457 3767 651 3833 adbibuerit.
669 3770 768 3834 Plura
787 3768 917 3853 quidem
933 3771 1076 3853 exempla
1095 3769 1236 3855 ejusdem
1256 3789 1326 3834 cum
1343 3767 1411 3833 infi-

139 3872 348 3959 nitivo,quod
371 3872 501 3950 dieitur,
514 3875 684 3942 enunciata
697 3875 782 3960 apud
794 3876 917 3942 Livium
934 3875 1162 3942 inveniuntur:
1185 3877 1216 3954 l,
1233 3873 1412 3962 5l,jacere

137 3989 207 4064 ,tam
223 3976 281 4044 dia
297 3978 411 4046 irritas
424 3979 618 4060 sanctiones,
636 4001 709 4068 quae
729 3979 768 4046 de
781 3981 849 4046 sois
862 3980 1042 4048 commodis
1050 3981 1233 4068 ferrentur,
1250 4001 1353 4068 priam
1367 3979 1412 4044 ira-

141 4085 234 4152 terr'm
247 4083 287 4152 de
300 4086 463 4173 sanquine
477 4099 508 4150 et
520 4085 681 4175 simplicio
697 4109 755 4152 sao
772 4086 876 4155 latera
891 4087 993 4174 lepem
1005 4087 1177 4176 confestim.
1191 4086 1342 4165 eaereert',
1358 4087 1410 4152 ulti

141 4211 242 4277 qaam
266 4191 398 4258 interim
424 4193 506 4258 idem
533 4195 617 4259 valet
639 4204 733 4280 atque
754 4205 785 4259 et
803 4193 935 4260 interim
956 4195 1009 4280 (cl.
1031 4197 1064 4280 2,
1088 4195 1142 4275 ta,
1168 4195 1261 4280 etc.);
1283 4195 1412 4262 nullum

142 4318 304 4365 varocum
330 4299 489 4365 infinitivo
508 4299 658 4366 historico
684 4299 770 4386 apud
792 4301 884 4366 illum
903 4301 1089 4387 scriptorem
1116 4302 1188 4367 novi
1216 4303 1408 4387 exemplum.

141 4405 275 4485 Tacitus,
292 4405 346 4491 qui
370 4407 560 4472 Sallustium
579 4406 733 4484 imitatus,
754 4407 922 4474 audaciam
939 4409 1129 4494 exemplaris
1144 4409 1260 4494 saepius
1279 4428 1412 4493 supera·

143 4510 195 4590 vit,
213 4511 404 4596 infinitivum
420 4513 605 4578 historicum
625 4532 697 4579 cum
712 4514 934 4601 conjunctione
949 4535 1037 4603 cum,
1063 4535 1125 4582 non
1145 4516 1248 4581 solnm
1276 4515 1307 4580 in
1333 4534 1410 4600 apo·

142 4617 218 4697 dosi,
235 4619 289 4684 sed
305 4619 400 4685 etiam
431 4620 463 4685 in
484 4619 598 4704 protasi
622 4619 773 4686 adbibere
806 4640 870 4686 uon
903 4621 1073 4701 dubitavit,
1095 4621 1266 4708 praesertim
1293 4620 1318 4684 si
1344 4618 1411 4707 pri·

141 4743 230 4790 mam
246 4724 393 4812 junctum
413 4727 454 4790 sit
476 4748 483 4789 ε
507 4745 563 4790 uro
584 4726 741 4794 immerito
760 4727 902 4814 quidem,
924 4747 1023 4815 quum
1049 4727 1230 4814 conjunctio
1260 4747 1335 4792 eam
1361 4725 1410 4794 his
