3576 5724
915 419 1112 477 -235-

370 565 425 642 52,
443 566 497 644 35,
519 563 580 630 alii
594 564 683 630 intra
703 563 828 630 maenia
843 575 941 652 atque
965 563 1000 628 in
1014 562 1091 628 sina
1111 561 1200 628 atis
1212 573 1290 628 sant
1303 561 1426 640 bostem
1450 564 1521 645 Jug.
1540 562 1596 640 98,
1614 564 1645 629 2.

370 695 445 738 eum
459 684 570 737 tamea
584 669 724 736 barbari
735 670 823 737 nibil
835 670 999 736 remittere
1018 682 1131 757 atque,
1149 668 1200 734 ati
1213 690 1303 756 reqes
1314 679 1553 757 praeceperant,
1570 689 1645 732 aoe-

370 790 434 844 tem
442 801 505 866 pro
524 800 557 844 se
572 777 651 857 rati,
669 777 779 844 aerim
794 778 929 844 instare.

417 888 450 951 30
470 887 592 972 Atque.
1206 959 1210 966 ,

412 992 521 1078 Atque
536 991 682 1078 opposita
700 990 781 1056 iuter
796 991 975 1076 sejungere
991 993 1083 1069 solet,
1103 1000 1136 1055 ut
1154 992 1224 1074 Jug.
1242 990 1276 1068 8,
1294 991 1325 1067 1,
1342 987 1422 1054 aovi
1439 999 1539 1076 atque
1555 986 1644 1052 aodi-

369 1097 434 1178 les;
452 1100 522 1182 Jug.
550 1100 604 1176 31,
629 1099 668 1163 12
684 1109 716 1164 51
739 1097 794 1175 80,
818 1099 851 1174 5,
867 1096 1004 1162 honesta
1018 1109 1117 1184 atque
1131 1095 1326 1177 iadoriesta;
1341 1097 1374 1161 C.
1393 1096 1448 1173 20,
1465 1097 1497 1172 7,
1519 1093 1643 1160 aediles

368 1217 467 1290 atque
481 1203 661 1292 meabilem
688 1205 723 1270 C.
743 1206 796 1282 37,
825 1206 856 1281 7,
876 1203 1021 1292 privatis
1036 1215 1134 1291 atque
1157 1201 1299 1289 pteblieis
1315 1200 1566 1290 larqitioaidas3
1585 1223 1646 1268 seu·

369 1311 443 1396 pius
458 1331 530 1376 vero
545 1330 732 1396 synonyma,
749 1321 779 1376 et
797 1320 869 1376 tuuc
887 1313 1086 1396 pierumque,
1099 1310 1295 1384 utdiuimus,
1313 1312 1449 1376 aiterum
1464 1312 1645 1376 membrum

368 1417 523 1502 majorem
537 1418 602 1482 vim
617 1417 724 1495 babet,
739 1437 789 1482 ex.
801 1438 847 1500 gv.
868 1441 875 1482 :
893 1428 1004 1482 monet
1018 1429 1118 1503 atque
1133 1415 1372 1502 551511515111.
1391 1417 1445 1495 10,
1461 1419 1498 1493 2;
1516 1417 1572 1495 52,
1592 1418 1624 1503 1)
1637 1443 1645 1494 ;

368 1521 487 1588 debias
506 1535 605 1610 atque
630 1543 764 1611 asperas
787 1545 839 1589 res
863 1525 909 1605 (C.
939 1525 993 1604 10,
1012 1525 1063 1607 2);
1087 1521 1242 1588 uiolentia
1262 1535 1361 1610 atque
1379 1521 1575 1588 erudelitate
1597 1525 1644 1605 (C.

368 1631 423 1707 33,
442 1632 486 1714 1),
504 1640 577 1696 515..
600 1631 748 1697 Ceterum
771 1632 880 1696 muitis
902 1625 977 1696 iocis
1001 1615 1164 1696 iinon'dum
1183 1640 1241 1705 est,
1265 1641 1300 1694 ut
1317 1631 1402 1716 apud
1417 1639 1537 1696 ceteros
1551 1631 1648 1716 scrip-

368 1746 462 1814 tores,
479 1737 560 1804 hunc
573 1737 764 1824 particulam
779 1737 863 1803 idom
880 1737 1083 1824 1515155551
1099 1748 1130 1800 et
1146 1737 1190 1802 voi
1213 1756 1286 1822 que.
1400 1785 1405 1796 .

357 1854 359 1860 ’
414 1843 544 1909 Pariter
563 1865 602 1909 ac
620 1845 736 1929 iegitur
749 1845 777 1909 J.
806 1844 881 1922 100,
898 1845 935 1922 5,
954 1843 1087 1930 pariter
1102 1864 1140 1908 ac
1163 1841 1202 1922 si,
1220 1844 1246 1910 J.
1265 1844 1318 1918 16,
1336 1844 1374 1922 6;
1398 1843 1473 1920 102,
1492 1844 1529 1924 7;
1550 1843 1645 1933 pari-

370 1961 417 2017 ter
431 1962 542 2038 atque,
559 1953 587 2016 J.
608 1951 683 2030 100,
703 1952 741 2028 1;
765 1951 840 2029 113,
857 1951 936 2016 3.-
950 1952 1116 2028 Jaataae,
1132 1951 1166 2014 G.
1180 1950 1234 2026 37,
1252 1950 1293 2027 8;
1304 1948 1408 2036 juata
1427 1971 1467 2014 ae
1482 1947 1522 2028 si,
1536 1952 1570 2015 1.
1587 1952 1642 2028 15,

368 2059 407 2138 2;
426 2058 478 2140 (ci.
496 2058 560 2124 Cic.
577 2059 650 2122 Post
666 2057 734 2122 red.
752 2058 785 2123 in
800 2077 868 2122 sen.
883 2058 915 2134 0,
933 2057 1009 2142 20),
1020 2055 1124 2142 jriata
1140 2067 1249 2142 atquae,
1266 2057 1294 2122 J.
1313 2055 1369 2132 05,
1387 2056 1419 2133 3,
1439 2056 1492 2122 ubi
1518 2077 1644 2124 corrae-

368 2165 486 2230 tionem
503 2163 674 2230 aJordono
690 2165 884 2249 propositam
898 2162 1003 2250 jueta
1014 2174 1113 2248 atque
1124 2160 1315 2228 doctissami
1329 2165 1400 2248 (pro
1415 2161 1642 2250 doctissume),

366 2281 397 2336 51
417 2271 594 2338 aJacobsio
612 2271 777 2355 probatam
793 2269 1011 2355 accipiendam
1026 2289 1136 2335 censeo
1160 2269 1179 2335 ¹.
1198 2303 1241 2321 -
1258 2269 1384 2336 Contra
1395 2291 1445 2347 ae,
1463 2291 1535 2356 qum
1550 2290 1643 2346 cous-

366 2377 481 2442 tructio
506 2377 592 2463 apud
616 2378 798 2443 Ciceronem
822 2377 962 2462 primum
984 2376 1030 2461 (in
1054 2377 1142 2444 Verr.
1167 2378 1198 2455 1,
1227 2377 1266 2454 5;
1290 2396 1346 2461 pro
1366 2378 1641 2464 8511521515),

365 2494 491 2549 exstare
506 2483 646 2563 videtur,
664 2483 747 2570 apud
768 2485 917 2550 Nostrum
937 2493 983 2549 est
996 2484 1064 2548 051.
1083 2483 1138 2560 00,
1161 2484 1194 2562 5,
1210 2491 1324 2572 eontra
1344 2504 1383 2548 aa
1396 2495 1490 2548 rates
1509 2496 1593 2560 erat,
1613 2495 1643 2550 et

365 2600 474 2676 postea
500 2590 606 2656 rarior
634 2591 679 2656 iit.
697 2627 738 2640 -
754 2588 858 2656 Hand
876 2611 966 2656 secas
983 2601 1095 2676 atque,
1112 2591 1139 2672 J.
1159 2591 1213 2667 79,
1233 2590 1270 2668 6,
1295 2592 1425 2666 100,1;
1445 2593 1520 2668 105,
1538 2593 1571 2658 2.
1598 2629 1642 2644 -

365 2695 528 2774 niliacae,
545 2698 573 2762 J.
598 2699 650 2776 15,
671 2695 823 2773 1;511’151
837 2719 888 2776 ae,
909 2699 937 2763 J.
956 2698 988 2776 7,
1006 2697 1025 2761 3
1034 2720 1042 2775 ;
1069 2693 1157 2762 alites
1180 2708 1291 2782 atque,
1314 2697 1348 2763 C.
1368 2697 1422 2772 37,
1453 2697 1495 2762 10
1504 2721 1512 2775 ;
1542 2697 1642 2764 aliter

366 2813 466 2890 atque
480 2805 520 2886 (1.
537 2804 594 2882 72,
614 2804 657 2904 i).

276 2997 277 3002 ἵ
409 2911 444 2974 15
459 2911 604 2976 sormuiis
625 2909 786 2976 interdum
799 2910 838 2976 ad
853 2909 1033 2989 arbitrium,
1059 2909 1217 2996 porticula
1232 2919 1366 2987 mutata,
1383 2919 1484 2996 atqtee
1504 2909 1638 2976 adhibet

366 3017 551 3094 Sallustius,
568 3037 616 3081 eu.
639 3037 686 3102 gv.
707 3040 714 3080 :
733 3017 770 3080 H.
793 3037 816 3094 1,
833 3017 887 3092 51,
912 3017 964 3091 10,
980 3012 1060 3081 diem
1074 3051 1119 3064 -
1131 3016 1222 3097 serra
1242 3026 1341 3102 atque
1355 3014 1498 3104 [155555
1515 3016 1634 3083 tardem

364 3118 514 3201 invadat,
537 3141 593 3207 pro
607 3121 700 3208 ferro
714 3120 872 3209 syrticam
890 3123 925 3188 C.
943 3124 998 3198 53,
1015 3124 1048 3200 2,
1090 3121 1180 3186 mori
1215 3133 1314 3209 atque
1343 3133 1444 3202 terra,
1465 3143 1521 3208 pro
1548 3135 1638 3189 terra

364 3228 528 3318 marique,
553 3230 622 3294 sine
651 3228 748 3294 dubio
777 3230 854 3313 quia
887 3229 984 3294 verba
1014 3225 1105 3293 domi
1139 3226 1332 3316 militiaeque
1364 3229 1635 3314 pregrediuntur,

363 3355 403 3400 ne
424 3335 581 3420 particulo
596 3355 659 3422 que
681 3343 877 3420 repeteretur
886 3359 895 3414 ;
924 3355 999 3400 nam
1019 3345 1106 3400 terra
1126 3333 1278 3422 marique
1308 3336 1446 3401 occurrit
1466 3336 1501 3402 C.
1526 3338 1581 3414 13,
1603 3339 1634 3404 3.

409 3444 518 3528 Atque
540 3461 594 3527 pro
618 3453 680 3508 eat
699 3443 836 3527 positum
856 3441 981 3508 videtur
1005 3442 1074 3508 Cat.
1099 3443 1154 3521 52,
1169 3443 1209 3524 Δ8,
1237 3441 1297 3528 qui
1313 3441 1399 3508 milti
1414 3455 1511 3528 atque
1525 3441 1638 3515 maimo

364 3567 435 3614 meo
456 3549 578 3614 nullius
593 3569 745 3634 utiquam
759 3546 871 3614 delicti
882 3547 1028 3636 qratiam
1046 3547 1213 3637 [55115551.

410 3656 582 3740 10115555.

406 3761 566 3846 15115515
586 3782 644 3826 aee
665 3761 765 3846 magis
791 3763 855 3826 vim
888 3761 1081 3846 negativam,
1120 3763 1255 3830 formam
1287 3781 1359 3830 vero
1399 3781 1504 3850 neque
1536 3765 1637 3850 magis

362 3867 426 3933 vim
459 3869 673 3952 copulativam
716 3869 832 3934 habere
870 3868 1065 3934 contendunt
1088 3868 1241 3935 Klotzius
1276 3878 1307 3934 et
1340 3870 1506 3954 Georgius,
1534 3871 1635 3938 11155-

362 3994 455 4060 gerus
469 3985 579 4040 contra
594 3985 625 4040 51
650 3973 828 4061 Madvigius
843 3977 966 4056 5511515
988 3976 1069 4042 15151
1091 3976 1169 4042 duas
1194 3976 1311 4042 iormos
1330 3973 1500 4044 discrimen
1526 3977 1636 4046 admit·

367 4091 448 4160 funt,
465 4081 551 4167 quod
565 4082 631 4146 veri
650 4081 788 4147 similius
808 4091 864 4148 est.
882 4083 960 4148 Nam
977 4083 1148 4148 Sabostius
1169 4101 1333 4168 uunquam
1353 4083 1565 4150 1515151555
1579 4105 1635 4150 aee

363 4187 522 4265 adhibuit,
539 4188 600 4252 nisi
622 4190 693 4272 Jug.
713 4189 788 4268 107,
807 4189 840 4261 1.
855 4210 913 4254 nee
932 4209 1133 4275 qztaaquam
1148 4187 1269 4272 ,decere
1289 4191 1335 4275 (ut
1348 4191 1419 4275 Jug.
1437 4190 1493 4269 85,
1518 4191 1560 4256 17
1590 4193 1634 4256 ie·

362 4293 445 4379 gitur
461 4314 566 4380 neque
584 4298 810 4380 quemquam),
828 4305 858 4360 et
878 4297 914 4360 H.
933 4317 968 4369 n.
987 4297 1041 4371 50,
1059 4298 1092 4375 7,
1113 4317 1170 4362 roeo
1183 4295 1293 4362 minias
1307 4295 1414 4362 Italia
1436 4295 1631 4376 marituma,

392 4445 418 4492 1.
437 4441 487 4491 1115
497 4443 622 4506 Draager,
638 4443 682 4506 qui
693 4442 813 4492 codicum
826 4442 972 4492 testimonio
986 4443 1148 4496 destituente
1162 4443 1260 4508 scribit,
1276 4449 1358 4510 atque
1370 4445 1438 4496 idem
1462 4443 1549 4494 valete
1567 4443 1633 4509 quod

361 4522 508 4586 germanice
523 4523 665 4574 1555,-1551
678 4523 819 4573 contendit.
833 4523 916 4588 Vogel
927 4539 989 4572 1515
1003 4524 1155 4590 ‘Quadratae
1169 4525 1342 4595 Sallustianae,
1358 4541 1383 4590 p.
1407 4529 1444 4592 51,
1467 4523 1633 4576 scribendum

361 4607 451 4651 censet
461 4618 467 4651 ε
476 4602 551 4653 satia
562 4629 591 4641 -
600 4603 699 4654 titteris
708 4604 805 4654 Grecis
819 4607 899 4668 utque
910 4605 1237 4674 Latinbjueiaeraditua,
1248 4613 1429 4670 argumentum
1440 4607 1553 4658 51151551
1565 4605 1632 4672 quod

363 4682 540 4747 Hagesippus,
554 4681 673 4732 Sallustii
686 4683 870 4734 devotissimus
881 4689 1002 4744 sectator,
1022 4685 1151 4735 simillimo
1166 4685 1234 4747 ioco,
1251 4685 1357 4735 omissis
1376 4687 1458 4736 verbis
1474 4687 1632 4754 515511151-

363 4765 481 4822 tessun-e,
495 4764 550 4812 brec
565 4763 630 4812 dicit
647 4779 653 4812 :
670 4765 689 4823 l,
699 4767 739 4822 38,
756 4767 795 4824 11,
810 4765 909 4816 erudiit
925 4765 1027 4815 1511511
1037 4767 1121 4827 juata
1133 4771 1159 4816 et
1170 4767 1265 4819 Graecis
1280 4766 1385 4818 littaris.
1470 4773 1473 4780 ·
