3534 5720
747 453 943 511 -424-

187 626 317 702 putare
333 633 498 700 nunquam
513 633 579 679 esse
588 614 706 700 jungit,
724 631 908 700 quanquam
923 613 1081 679 infinitiva
1093 613 1231 681 aliorum
1242 617 1422 696 verborum,
1437 630 1471 684 nt

189 741 307 810 posse,¹
321 722 463 800 adhibet,
481 721 566 787 undo
582 721 616 785 lit
633 733 668 786 ut
687 719 766 785 duros
789 723 984 786 accusativos
998 721 1092 786 simul
1111 722 1183 787 buic
1198 722 1292 788 verbo
1312 707 1472 810 appositos

187 845 266 894 'esso
285 827 468 914 frequenter
484 837 648 916 appareat,
666 835 702 893 ut
720 826 788 892 Cot.
812 827 844 906 3,
866 827 898 905 2,
915 847 993 913 pum
1006 825 1071 892 sibi
1088 827 1226 916 quisque
1241 827 1360 918 facilia
1377 831 1472 916 foetu

187 945 309 1023 putet;
329 937 361 1016 7,
385 935 418 1014 6,
441 955 514 1000 eam
531 933 650 1000 donam
672 932 804 1021 famam
825 953 1048 1021 mupnamque
1066 933 1271 1000 nobilitatem
1286 936 1473 1023 putabant;

195 1041 255 1118 36,
273 1043 303 1118 4,
322 1061 394 1128 qnae
405 1041 519 1125 primo
532 1039 688 1105 mortales
696 1051 841 1130 peltana·
857 1039 910 1114 48,
924 1041 956 1119 9,
975 1037 1162 1104 incendium
1180 1061 1255 1106 vero
1266 1041 1407 1121 crudele,
1421 1041 1473 1108 in-

193 1145 408 1213 moderatum
423 1167 463 1213 oc
477 1145 541 1214 sibi
553 1166 710 1212 mauriane
724 1145 955 1212 calamitosum
969 1145 1113 1235 proludat
1118 1165 1131 1227 ,·
1152 1149 1206 1223 ot,
1235 1149 1288 1226 44,
1303 1147 1389 1214 darae
1413 1171 1472 1237 epo

194 1253 434 1319 causam-in
439 1252 563 1343 primis
573 1273 732 1341 acapnum
739 1263 833 1342 puto.
853 1253 914 1338 (Gi.
931 1253 1001 1338 Jng.
1021 1253 1074 1326 45,
1096 1255 1129 1325 4;
1149 1253 1201 1332 49,
1220 1255 1256 1334 2,
1276 1257 1329 1333 44,
1348 1257 1379 1336 3,
1392 1269 1470 1336 040.;

196 1359 281 1426 Hist.
299 1383 321 1439 1,
344 1362 399 1438 45,
418 1361 465 1446 4).

244 1467 283 1533 Κ.
308 1503 353 1518 -
375 1468 547 1534 bourrrvus
576 1485 727 1533 mausona·
750 1467 798 1532 vel
831 1487 1054 1532 4444040444.
1086 1502 1130 1515 -
1157 1466 1340 1534 444Ιο444444
1368 1467 1472 1558 paolo

195 1575 384 1651 Sallustius,
408 1593 471 1640 non
491 1577 594 1639 solum
610 1593 681 1639 cum
700 1573 927 1658 comparativis
956 1584 987 1638 et
1003 1573 1162 1639 adverbiis
1178 1586 1366 1663 anteponet,
1385 1597 1472 1643 usur·

197 1694 267 1766 pat,
289 1695 323 1746 ut
343 1701 451 1746 omnes
468 1681 523 1746 alii
544 1679 725 1766 scriptores,
740 1679 793 1746 sed
811 1700 884 1746 cum
898 1681 994 1746 verbo
1008 1677 1202 1769 procedere,
1221 1683 1329 1767 inquo
1345 1681 1473 1768 compa-

197 1788 334 1854 rationis
349 1787 436 1853 notio
453 1789 554 1853 inest:
568 1788 638 1872 lug.
658 1785 713 1866 92,
730 1787 762 1864 8,
779 1789 856 1852 num
874 1807 949 1852 com
966 1807 1012 1852 eae
1022 1785 1126 1875 poulo
1135 1799 1379 1874 processerunt3
1399 1789 1471 1856 item

196 1893 317 1971 Caesar,
340 1894 371 1959 b.
389 1896 466 1980 gall.
489 1893 523 1973 2,
540 1893 594 1968 ΞΟ,
606 1891 714 1983 portio
728 1891 1107 1981 lonpiusprocesseront;
1121 1893 1198 1958 ibid.
1213 1893 1246 1970 6,
1258 1895 1312 1971 26,
1328 1891 1387 1960 sed
1400 1918 1473 1962 rna-

193 1997 373 2088 pnitudine
386 1999 496 2090 poulo
511 1997 722 2077 antecedant;
744 2021 815 2066 cum
832 2000 982 2066 adverbio
1001 1997 1091 2064 altro
1105 1999 1150 2085 (b.
1173 2001 1234 2065 civ.
1253 2001 1286 2080 3,
1308 2002 1383 2088 66);
1400 2023 1472 2069 curm

197 2106 273 2172 adv.
291 2119 397 2185 entra,
415 2105 557 2173 nimium
572 2107 705 2190 (Cicero,
717 2105 874 2196 possim).
1069 2183 1071 2188 ,
1316 2163 1319 2167 .

243 2211 416 2279 Dissimilis
435 2213 563 2280 videtur
582 2216 680 2288 locus,
703 2213 784 2278 Hist.
808 2233 850 2288 44,
871 2213 924 2292 44,
945 2211 1163 2302 scoluspores
1183 2213 1342 2279 nomnium
1357 2214 1472 2282 uilita-

195 2317 288 2399 dine,
312 2321 364 2386 ubi
384 2341 453 2410 pur
466 2339 538 2386 com
555 2321 692 2386 ablativo
711 2320 755 2385 ita
780 2319 900 2385 dictum
922 2340 989 2384 esse
1009 2320 1148 2386 Kritzius
1163 2320 1265 2392 docet,
1284 2330 1318 2385 ut
1340 2343 1396 2406 pro
1415 2323 1473 2388 ob-

191 2427 292 2512 jecto,
309 2426 358 2492 cui
380 2425 506 2512 aliquid
522 2447 580 2513 par
594 2445 660 2492 csse
681 2427 884 2505 enunciatur,
902 2425 933 2492 id
951 2447 1014 2511 quo
1034 2427 1171 2491 eflicitur
1192 2427 1310 2511 paritas
1327 2431 1473 2495 nomine-

196 2544 263 2598 tur.
281 2535 327 2599 De
340 2535 479 2618 genitivo
495 2543 600 2598 autem
618 2545 708 2612 tacet,
719 2533 851 2618 ideoque
867 2551 939 2599 eum
954 2533 993 2598 ad
1004 2529 1180 2598 altitudine
1197 2533 1312 2614 referre
1327 2535 1469 2614 videtur;

193 2660 254 2726 ego
266 2661 338 2706 vero
355 2641 458 2725 potius
470 2640 509 2705 ad
522 2640 712 2724 adjectivum
726 2639 873 2704 reserum.
884 2641 1033 2705 Ceterum
1043 2641 1106 2722 alio
1124 2641 1190 2705 loco
1203 2643 1282 2706 Sall.
1301 2648 1376 2706 cram
1390 2661 1473 2727 prae·

197 2767 268 2834 pos.
285 2735 438 2832 adjectivo
447 2747 681 2835 peradjungit,
697 2747 767 2831 lug.
784 2747 836 2821 44,
853 2746 887 2834 9,
901 2765 999 2831 quem
1014 2757 1180 2834 luporem
1194 2768 1267 2812 carm
1284 2745 1393 2813 liberis
1409 2749 1473 2814 tuis

194 2851 567 2944 repniqnepartict'pem
585 2849 712 2938 lecisti;
732 2853 856 2918 duobus
871 2853 994 2930 ceteris,
1021 2852 1089 2917 Cat.
1119 2853 1171 2930 44,
1193 2855 1225 2928 4,
1255 2854 1333 2919 llist.
1357 2876 1390 2928 4,
1416 2857 1470 2933 44,

197 2971 306 3026 utrum
318 2960 443 3025 dativus
461 2979 501 3025 an
518 2959 676 3025 ablativus
691 2961 733 3024 sit
745 2970 873 3045 propter
887 2959 1025 3024 similem
1042 2958 1209 3046 utriusque
1225 2963 1359 3044 formam
1376 2963 1472 3028 inccr-

197 3077 266 3132 tum
287 3077 344 3132 est.

242 3173 278 3238 L.
300 3173 507 3239 -bsusrrvr
531 3193 707 3247 oustrrurrs
738 3173 834 3259 paulo
863 3171 1017 3237 audacius
1051 3174 1230 3258 exemplum
1264 3173 1382 3259 praebet
1402 3175 1474 3241 Sal-

197 3281 326 3359 lustius,
356 3282 426 3366 Jug.
445 3279 499 3355 57,
524 3281 556 3356 6,
580 3279 723 3368 parique
743 3276 892 3368 periculo
920 3275 980 3344 sed
998 3278 1098 3366 soma
1126 3277 1240 3366 inpari
1266 3277 1344 3344 boni
1374 3293 1473 3368 utque

193 3385 313 3475 ipnavi
326 3397 431 3466 erant,
450 3387 502 3452 ubi
525 3388 621 3452 verba
633 3386 714 3475 pori
720 3383 871 3475 periculo
886 3405 942 3471 per
956 3385 1201 3452 concinnitatem
1212 3385 1360 3453 videntur
1370 3388 1473 3473 posita

194 3514 277 3560 esse.
636 3579 638 3582 Ι
856 3547 858 3552 s

242 3599 284 3665 M.
308 3636 349 3648 -
373 3599 543 3666 Aounrrvus
568 3617 808 3666 conruunrtovrs
832 3617 904 3663 cum
924 3597 1020 3663 verbo
1048 3597 1223 3686 anteferre,
1250 3599 1282 3664 in
1306 3618 1369 3685 quo
1393 3601 1473 3666 inest

194 3707 447 3790 comparationis
463 3705 561 3785 notio,
580 3706 784 3792 conjunctum
805 3704 955 3784 occurrit,
972 3704 1043 3785 Jup.
1065 3705 1118 3782 46,
1145 3705 1176 3784 3,
1197 3705 1250 3770 nti
1262 3705 1372 3793 sunau,
1391 3705 1470 3794 lide,

191 3824 362 3902 postremo
375 3810 530 3878 omnibns.
540 3811 608 3876 suis
623 3809 719 3876 rebus
731 3807 940 3875 commodum
948 3809 1034 3898 repis
1043 3810 1233 3897 anteferret,
1247 3812 1301 3878 ubi
1310 3794 1472 3879 Jacobsius

192 3917 312 4006 sante,
330 3916 396 3986 ride
412 3919 522 4004 (qoam
540 3918 671 3983 lormam
691 3917 888 3982 contractbm
903 3934 939 3981 ex
951 3914 1034 4005 fidei
1045 3917 1222 4002 inteiligit),
1243 3917 1348 3984 dativo
1369 3923 1470 4005 pouit,

124 4099 126 4102 ,
196 4022 376 4091 Dietscbius
398 4044 471 4089 vero
489 4023 594 4111 [omae
609 4023 678 4112 fide
698 4022 868 4089 audaciore
888 4022 1069 4110 conjectura
1089 4024 1214 4102 scribit;
1237 4035 1268 4091 at
1282 4026 1395 4112 optimi
1419 4046 1472 4092 co-

197 4131 283 4196 dices
299 4131 491 4217 scripturam
508 4131 656 4196 aKritzio
671 4141 701 4196 ct
715 4130 855 4196 Jordano
867 4139 1026 4216 acceptam
1042 4130 1243 4210 confirmant,
1260 4149 1331 4218 quae
1343 4132 1471 4219 quidem

199 4237 292 4303 facile
309 4237 461 4323 explicari
481 4247 591 4324 potest.
612 4236 706 4323 (Vide
722 4235 878 4303 Kritzium
895 4236 934 4302 ad
951 4237 982 4301 b.
1001 4237 1073 4320 loc).

835 4399 874 4465 V.

742 4539 781 4594 De
796 4538 928 4594 locativo.

246 4663 409 4730 Locativus
424 4663 521 4730 hami
539 4662 639 4750 graeco
654 4680 742 4752 χαμαί
760 4661 940 4746 respondet,
955 4673 986 4728 et
1001 4661 1086 4748 apud
1101 4662 1289 4750 posteriores
1303 4661 1471 4751 scriptores

204 4783 375 4857 usurpatur
389 4773 483 4837 etiarn
502 4791 575 4836 cum
591 4771 695 4835 verbis
715 4789 785 4854 quac
801 4787 910 4832 casum
927 4769 1063 4854 alicujus
1078 4771 1219 4855 corporis
1233 4771 1408 4857 designant.
1422 4771 1470 4836 Si·
