3666 5724
756 477 928 536 ...54-

249 615 274 689 4.
289 603 1062 708 -Compturaattadeponentia'constatpassiva
1077 621 1105 686 vi
1120 643 1137 688 a
1151 621 1243 686 honis
1254 623 1476 708 scriptoribus,

204 729 365 816 etiamque
377 751 393 795 a
406 715 715 814 Ciceroneusur'pata
726 748 805 806 4444,
820 738 855 793 ut
866 727 1078 815 interpretari
1086 729 1169 811 (Cic;
1192 729 1231 795 44.
1246 727 1326 794 Sall.
1337 730 1406 815 Jug.
1423 732 1476 808 47,

204 838 258 919 7);
274 834 389 904 44444444
413 836 493 920 (444.
521 837 554 916 5,
570 837 646 922 494,
662 826 702 902 cf.
734 835 767 912 4,
797 835 835 901 47
862 835 915 918 (ob
939 836 1004 901 iras
1027 835 1166 921 graviter
1186 837 1280 918 ultas)
1295 860 1303 914 ,
1321 839 1402 902 Enn.
1424 860 1475 922 ap.

202 945 284 1009 Non.
302 943 379 1018 494,
394 945 446 1020 46,
463 945 580 1030 (activa
596 945 652 1027 vi),
667 952 698 1007 et
712 941 791 1008 Sall.
809 944 880 1028 Jug.
897 941 952 1020 34,
966 942 999 1020 8,
1014 939 1423 1031 qarr'dqnidsinesonquine
1438 942 1477 1008 ci·

203 1049 296 1115 44444444
322 1047 436 1116 ulcisci
450 1047 616 1138 nequitur,
635 1050 688 1115 ubi
716 1049 812 1115 etiam
833 1047 972 1115 notanda
991 1059 1038 1113 est
1055 1049 1179 1135 passiva
1201 1049 1301 1114 torma
1325 1053 1479 1136 nequitur
1556 1135 1558 1140 Ι

203 1177 276 1243 quae
297 1171 352 1222 aut
379 1178 416 1222 44
443 1157 601 1222 infinitivo
622 1156 817 1241 praecedente
838 1177 894 1243 par
917 1155 1098 1242 analogiam
1120 1156 1275 1241 originem
1296 1156 1395 1236 ducit,
1423 1157 1475 1240 (cl.

200 1275 363 1352 4444444444,
389 1275 530 1351 caeptum
555 1267 626 1346 4444,
645 1272 723 1352 aut,
756 1273 791 1329 ut
815 1260 870 1328 alii
893 1263 1018 1341 volunt,
1044 1262 1083 1327 ad
1110 1261 1321 1328 imitationem
1348 1263 1478 1330 Catonis

203 1370 305 1452 (Jord.
326 1391 355 1456 p.
374 1370 406 1449 8,
431 1371 497 1453 47),
520 1369 661 1449 Pacuvii,
687 1369 806 1448 Plauti,
838 1369 990 1447 Terentii,
1015 1369 1152 1435 Lucretii
1182 1369 1320 1455 positum
1341 1380 1397 1435 ast.
1427 1370 1474 1436 Cl.

202 1476 314 1541 Festus
333 1477 432 1549 (Neue
447 1498 481 1550 u,
513 1497 542 1562 p.
566 1477 641 1552 474,
658 1477 766 1542 Holtze
781 1497 815 1552 n,
836 1496 866 1562 p.
888 1475 965 1558 40),
994 1502 1004 1534 a
1023 1475 1196 1562 Nequitum
1211 1484 1241 1541 44
1256 1477 1408 1561 nequitur
1423 1497 1478 1562 pro

202 1602 267 1648 non
288 1602 377 1668 possa
392 1582 551 1662 dicabant,
569 1592 604 1647 ut
624 1584 779 1649 Pacuvius
797 1602 869 1648 cum
895 1583 957 1647 ait:
981 1581 1041 1647 Sed
1061 1601 1132 1649 cum
1147 1575 1294 1648 contendi
1311 1583 1479 1669 nequitum

203 1689 248 1766 vi,
266 1690 349 1754 clam
367 1688 525 1754 tendenda
539 1699 584 1755 est
600 1690 706 1776 plaga,
724 1699 782 1756 etc.
810 1716 821 1748 4
842 1680 888 1739 -’-
905 1687 945 1754 llt
958 1689 1116 1755 nonnulla
1139 1688 1235 1756 etiam
1258 1689 1424 1756 rarissima
1448 1700 1479 1754 et

201 1795 357 1874 obsoleta,
385 1796 558 1880 praesertim
580 1795 761 1881 participio,
788 1816 825 1861 44
849 1795 989 1882 antiquis
1017 1805 1181 1860 mutuatus
1207 1805 1254 1860 est
1281 1796 1475 1860 Sallustius:

202 1899 354 1990 4444444444,
373 1902 540 1988 participio
555 1926 561 1967 :
579 1905 649 1988 Jug.
674 1903 749 1980 404,
767 1903 800 1981 9,
820 1900 1015 1990 (4444444444
1032 1899 1186 1990 adeptam
1206 1901 1380 1968 4444444444
1394 1901 1474 1969 4444-

201 2029 280 2074 nere
295 2006 408 2096 4444444,
428 2009 467 2074 44.
485 2009 578 2076 Catil.
598 2011 629 2085 7,
647 2009 679 2086 3,
698 2029 734 2074 44
750 2019 903 2095 praterea
922 2011 1025 2074 Plaut.
1045 2009 1132 2074 Trin.
1151 2030 1185 2086 44,
1203 2011 1235 2086 4,
1252 2009 1317 2088 88,
1332 2011 1369 2089 Q.
1395 2009 1473 2076 Fab.

203 2137 256 2202 ap.
275 2115 373 2180 Prisc.
394 2136 461 2192 vin,
478 2117 510 2192 4,
527 2117 585 2194 46,
617 2117 651 2182 C.
667 2117 768 2181 Faun.
787 2117 825 2181 44.
844 2116 865 2181 8
881 2117 904 2181 P
920 2115 998 2199 (vid.
1015 2115 1102 2182 Neue
1116 2136 1148 2201 p.
1179 2115 1267 2199 4984,
1287 2116 1432 2182 Tacitum
1447 2125 1479 2181 44

205 2222 395 2307 posteriores
412 2222 438 2301 ί,
457 2231 488 2286 44
504 2233 653 2288 naturam
669 2223 756 2287 verbi
772 2221 1029 2314 deponentialem
1047 2219 1150 2287 decies
1170 2241 1233 2286 non
1254 2221 1390 2307 neglexit
1405 2224 1478 2289 Sal-

203 2328 319 2394 lustius
340 2329 421 2410 (Cat.
448 2331 501 2406 ll,
519 2329 628 2407 7,,43,
646 2329 683 2406 6;
706 2330 760 2408 39,
778 2331 813 2407 4,
834 2331 888 2404 54,
911 2329 1020 2408 3;6Ι,
1038 2330 1075 2406 7,
1092 2330 1164 2414 Jug.
1184 2330 1215 2404 4,
1232 2329 1268 2401 4,
1291 2329 1345 2406 40,
1368 2328 1402 2405 4,
1421 2330 1475 2408 44,

202 2437 235 2514 4,
253 2437 308 2510 77
322 2435 354 2513 3,
368 2436 410 2500 85
413 2436 480 2520 ‚;l)
489 2433 727 2524 -4444444944444,
741 2437 856 2511 Η444.,4
874 2436 929 2511 36,
947 2436 1100 2518 (ettam
1119 2437 1152 2514 7,
1167 2437 1198 2512 4,
1213 2435 1280 2521 434,
1289 2436 1476 2508 -444444444,

200 2544 272 2626 Jug
296 2543 351 2619 46,
368 2543 408 2606 4·
401 2544 481 2624 ,(44
506 2543 534 2606 44
557 2542 820 2660 deponentialiJ.
844 2523 939 2618 44.
920 2545 972 2628 44,
995 2543 1247 2630 -444444444444,
1268 2544 1338 2628 Jug.
1362 2543 1416 2620 58,
1435 2544 1475 2622 3·

200 2651 254 2731 (44.
269 2649 418 2726 Sisenna,
437 2650 474 2713 44.
493 2650 587 2732 4044,
606 2659 706 2714 -rn
707 2660 836 2736 444444
839 2659 909 2715 44444
924 2649 1016 2715 444444
1031 2659 1089 2726 444
1106 2650 1133 2715 J.
1153 2651 1207 2726 47,
1228 2651 1314 2728 7,4
1286 2650 1338 2732 (4.
1357 2651 1421 2714 Cic.
1440 2648 1478 2716 de

203 2757 262 2840 leg.
281 2757 315 2834 4,
333 2756 460 2838 444,-
470 2751 671 2843 ludificator,
687 2757 758 2841 Jug.
784 2757 837 2834 50,
860 2758 892 2832 4,
910 2756 1121 2822 etlortasseJ.
1134 2755 1188 2831 36,
1201 2756 1234 2832 4,
1251 2755 1303 2821 ulti
1324 2756 1476 2834 tricatus,

201 2859 355 2935 04444444,
370 2861 564 2942 Dietschius,
580 2862 754 2955 Jacobsius,
767 2861 1278 2940 Arusianiauctoritatemsecuti,
1296 2858 1476 2950 4444444444,

204 2988 260 3053 pro
276 2965 459 3054 ludificare,
475 2968 560 3054 quod
579 2987 687 3033 omnes
713 2970 776 3061 leve
799 2970 871 3036 libri
897 2969 1084 3046 exhibent,
1077 2989 1107 3033 vn
1129 2977 1249 3034 tautum
1271 2979 1475 3054 receperunt,

203 3074 256 3159 (cl.
276 3075 381 3140 Plaut.
405 3075 498 3140 Truc.
523 3076 553 3152 4,
574 3075 603 3152 4,
620 3076 657 3154 5,
677 3077 709 3150 4,
726 3052 759 3152 4,
776 3076 813 3153 8,
833 3077 943 3141 Bacch.
961 3078 993 3155 4,
1011 3076 1043 3151 4,
1057 3076 1188 3160 34444,
1199 3073 1476 3192 -44444444444444,

201 3183 273 3248 Cat.
289 3181 343 3256 48,
361 3182 400 3259 7,
418 3181 499 3246 Η444.
522 3203 570 3260 ut,
589 3183 648 3259 38,
670 3203 706 3258 44,
728 3183 782 3260 49,
806 3183 869 3247 3³

245 3286 334 3354 Addo
349 3285 435 3352 colui
454 3288 547 3370 (Η444.
574 3310 621 3365 nv,
636 3277 692 3366 96,
718 3286 774 3354 ille
796 3287 885 3354 colui
902 3291 1021 3371 4444444,
1038 3288 1122 3374 quod
1144 3290 1173 3353 vi
1196 3288 1414 3373 deponentiali
1431 3297 1478 3352 est

204 3395 237 3460 in
260 3395 375 3460 Pacuv.
395 3376 509 3479 fragm.
533 3395 617 3480 apud
637 3396 717 3461 Non.
738 3417 767 3481 p.
787 3388 857 3472 7,6
881 3406 911 3459 44
930 3395 1005 3473 494,
1027 3394 1086 3475 34,
1104 3395 1168 3460 444.
1189 3415 1240 3479 ap.
1262 3395 1342 3460 Non.
1360 3395 1392 3470 6,
1414 3393 1475 3472 33,

203 3499 304 3566 Lucil.
325 3519 376 3584 ap.
398 3500 479 3566 Non.
505 3521 536 3586 p.
562 3503 595 3579 7,
612 3503 649 3581 4,
672 3502 742 3586 Gaj.
764 3502 836 3585 Dig.
859 3501 915 3577 50,
939 3501 993 3578 46,
1011 3501 1094 3580 433,
1110 3503 1216 3567 Plaut.
1239 3501 1311 3566 Cas.
1334 3501 1367 3578 4,
1384 3502 1416 3576 4,
1439 3503 1474 3580 4,

202 3606 335 3673 Nullum
357 3625 431 3671 vcro
455 3607 634 3692 exemplum
670 3608 845 3674 antivarum
869 3608 1046 3674 formarum
1085 3601 1257 3685 invenitur,
1289 3607 1346 3672 etsi
1377 3606 1474 3672 Prisc.

203 3733 235 3798 p.
253 3711 316 3778 833
328 3713 363 3778 Ρ.
380 3714 577 3798 praeterit-rm
591 3713 679 3780 colui
691 3715 842 3800 agnoscit.
862 3714 900 3782 Vi
915 3714 1042 3802 passiva
1057 3714 1233 3780 infinitivus
1246 3712 1345 3793 44444,
1363 3723 1478 3798 praeter

204 3820 308 3884 locum
324 3839 422 3906 supra
446 3811 623 3898 laudatum,
644 3821 759 3907 legitur
783 3821 816 3887 in
835 3822 951 3888 Pacuv.
971 3841 1021 3908 ap.
1049 3822 1130 3887 Non.
1157 3821 1190 3899 6,
1211 3821 1270 3900 49,
1298 3820 1341 3884 444
1365 3829 1478 3885 utnon

202 3925 296 3992 lacile
314 3925 454 4010 dignosci
481 3927 580 4012 possit
594 3937 702 3996 utrum
727 3929 900 3995 Sallustius
920 3929 1054 3995 formam
1077 3925 1377 4014 deponentialem
1351 3947 1379 3991 vr
1406 3946 1478 4013 pas-

202 4032 271 4097 siva
286 4031 480 4110 adhibuerit,
499 4052 538 4098 an
556 4033 712 4120 passivam
726 4033 872 4113 formam,
893 4035 1006 4162 prisca
1011 4043 1103 4100 aetate
1122 4053 1195 4100 vere
1213 4033 1374 4112 usitatam,
1391 4052 1477 4100 usur·
1545 4111 1548 4120 ⁴

205 4159 281 4224 pare
300 4139 450 4205 voluerit

245 4244 340 4333 4.-
357 4245 462 4333 Coepi,
481 4247 617 4332 perlecto
635 4248 764 4332 passivi,
778 4215 928 4334 sequente
945 4247 1103 4313 infinitivo
1122 4248 1250 4332 passivi,
1259 4244 1479 4346 personaliter

204 4361 406 4436 usurpatum,
425 4355 520 4418 semel
544 4355 968 4440 tantuvnapudSnllustium
989 4354 1136 4430 occurrit,
1159 4355 1229 4440 Jug.
1253 4354 1308 4424 47
1331 4354 1362 4427 4,
1384 4350 1481 4433 Quod

194 4469 377 4547 postquam
401 4462 514 4526 Itomae
537 4458 704 4547 aequitum
723 4474 781 4538 444,
800 4473 832 4527 et
851 4482 901 4528 res
925 4461 960 4528 44
982 4471 1097 4526 senata
1121 4457 1247 4548 agitari
1264 4472 1383 4546 44444444,
1405 4479 1477 4545 quae

238 4667 262 4714 4.
281 4660 434 4725 Exemplum
449 4661 588 4723 Ciceronis,
605 4663 637 4711 de
651 4663 753 4713 Senect.
766 4666 789 4726 2,
803 4678 818 4712 a
833 4663 922 4713 lexicis
937 4662 1042 4712 allatum
1055 4677 1145 4727 parum
1161 4669 1258 4711 certum
1272 4666 1321 4710 444.

237 4741 261 4789 2.
280 4741 363 4804 Hujus
378 4741 447 4791 ve'rbi
460 4743 564 4805 passiva
579 4743 602 4790 vi
616 4736 714 4792 nullutn
734 4743 877 4807 exemplum
898 4749 956 4792 ante
973 4741 1157 4790 Sallustianum
1177 4741 1226 4788 hoc
1243 4739 1274 4788 ad
1291 4753 1336 4788 nos
1353 4738 1476 4805 parvenit.

237 4823 261 4871 3.
280 4823 342 4871 ltam
357 4829 416 4870 aute
432 4822 581 4871 Sallustium
598 4823 695 4872 nullum
712 4823 786 4888 hujus
800 4823 870 4873 verbi
886 4821 971 4872 simile
981 4821 1124 4886 exemplum
1139 4819 1290 4870 invenimus.
1311 4819 1313 4824 '
