3576 5724
938 424 1134 484 -250-

401 561 564 634 cherrima
588 577 687 656 atque
707 577 845 656 optuma
855 588 1012 655 pessuma
1027 589 1066 636 ec
1081 566 1356 658 flagitiosissuma
1370 569 1467 656 facta
1480 570 1538 648 sit;
1562 572 1610 648 lt,
1629 574 1659 646 3,

400 670 447 738 ael
459 671 520 739 leae
535 695 616 762 quos
635 695 754 740 manas
769 685 868 762 atque
882 673 998 761 lr'aqaa
1008 675 1160 766 perjaria
1179 688 1238 742 cat
1251 677 1413 766 sanprriae
1432 676 1524 744 civili
1542 676 1657 756 alebar

399 779 470 864 lug.
493 781 525 860 7,
544 782 576 860 5,
603 780 760 870 etpraelia
778 793 931 848 strenuas
945 793 1062 848 arat-el
1076 781 1179 848 ionas
1198 781 1349 862 coasilia;
1373 783 1427 869 (cl.
1450 785 1484 864 2,
1501 786 1539 864 5;
1556 785 1590 852 C.
1609 787 1660 864 to,

402 887 459 966 l0;
481 888 535 962 61,
555 889 575 954 9
596 891 683 972 etc).
702 889 768 968 Qua
790 887 1036 968 constructione,
1053 889 1134 954 sicut
1149 900 1179 955 et
1191 887 1379 978 arraplrara,
1394 891 1511 980 eusimio
1527 902 1592 958 arte
1604 894 1658 960 uti·

278 1014 279 1018 ¹
400 985 588 1070 monaster,
611 1006 646 1070 ut
663 994 754 1061 varia
778 996 920 1094 membra
940 994 1045 1061 vivide
1065 1015 1099 1062 ac
1117 993 1257 1062 dilucide
1275 998 1359 1062 inter
1372 1016 1405 1064 se
1418 997 1603 1086 conjungam
1623 1000 1660 1064 cl.

401 1101 469 1163 tlat.
487 1100 519 1176 3,
537 1099 569 1176 3,
586 1101 664 1192 aratri
676 1121 740 1188 pra
757 1097 897 1188 pudore,
908 1123 972 1190 pra
987 1099 1279 1192 abstinentia-pra
1292 1102 1412 1170 virtute
1426 1102 1583 1194 audacia,
1604 1104 1661 1170 lar·

398 1204 493 1290 pitia,
514 1205 659 1272 auaritia
677 1205 843 1293 vigebant,
870 1207 924 1274 ubi
946 1220 1081 1296 utraque
1101 1210 1240 1276 occurrit
1260 1209 1373 1294 figura.
1398 1210 1486 1297 (Vid.
1504 1211 1611 1281 Jacobs
1626 1211 1662 1276 ad

401 1311 484 1378 ltunc
500 1313 589 1394 loc).
1440 1333 1442 1338 ·

1010 1581 1063 1648 Ill.

936 1769 974 1822 De
990 1765 1140 1822 brevitate.

442 1944 477 2010 ln
497 1942 641 2010 Sallustii
658 1943 784 2030 scriptis
802 1943 881 2012 adeo
895 1944 1012 2012 eminet
1035 1919 1174 2012 beatitas
1193 1957 1229 2012 ut
1251 1944 1389 2020 maxime
1405 1944 1524 2012 mirum
1544 1944 1583 2012 sit
1598 1965 1663 2012 can

281 2067 284 2074 ¹
346 2049 350 2058 '
398 2049 547 2116 uirtutem
567 2073 584 2116 a
608 2049 789 2121 doctissimo
812 2071 847 2118 oc
875 2045 1075 2136 sagacissimo
1102 2053 1170 2118 viro
1191 2053 1276 2118 lulio
1301 2053 1425 2118 Caesare
1450 2051 1609 2137 Scaligero
1635 2053 1662 2116 in

398 2157 497 2222 dubio
515 2158 649 2241 positam
670 2178 749 2224 esso.
771 2159 830 2224 Ille
849 2178 923 2224 vero
948 2158 1013 2224 hac
1037 2157 1170 2224 scribit:
1189 2185 1208 2222 r
1235 2159 1431 2226 ASallustio
1447 2171 1551 2224 autem
1574 2159 1664 2225 bron·

398 2272 494 2328 tatem
515 2263 603 2328 illam
624 2264 828 2350 pendebam,
851 2285 947 2350 quam
965 2265 1099 2346 scribis,¹
1113 2285 1215 2352 neque
1234 2263 1313 2351 quid
1329 2266 1407 2332 nelis
1432 2266 1591 2350 intelligo,
1613 2285 1662 2332 ne·

398 2390 460 2456 que
477 2379 541 2436 tam
558 2370 644 2456 tulgi
667 2369 773 2438 animo
795 2382 991 2457 conceptam,
1015 2371 1093 2438 adeo
1110 2392 1307 2458 persuasam,
1325 2373 1404 2440 adeo
1420 2371 1617 2439 decantatam
1638 2374 1664 2436 in

399 2477 456 2543 illo
470 2476 539 2542 viro
553 2477 740 2544 breuitatem
756 2497 907 2562 umquam
928 2477 1168 2564 comprehendi.
1192 2479 1270 2546 Nam
1289 2480 1330 2559 si,
1342 2478 1431 2566 *quod
1452 2479 1665 2564 frequentibus

313 2601 317 2606 ’
400 2583 559 2670 asyndetis
575 2585 688 2663 utitur,
707 2595 763 2653 aut
778 2582 863 2670 quod
879 2605 943 2652 non
959 2586 1061 2672 longis
1077 2585 1217 2672 periodis
1232 2586 1331 2652 ambit
1346 2598 1664 2670 argumenta-rerum,

360 2741 362 2752 .
399 2705 573 2776 properare
588 2689 647 2756 sihi
664 2690 801 2768 videtur,
820 2692 879 2759 isto
895 2691 951 2757 tibi
969 2711 1095 2777 quoquc
1110 2701 1200 2778 pecto
1217 2693 1364 2761 brevibus
1379 2702 1475 2778 atque
1489 2691 1666 2778 interceptis

398 2795 533 2862 saltibus
547 2807 674 2862 centum
694 2797 909 2864 miliariorum
933 2799 994 2865 iter
1017 2801 1124 2865 minus
1141 2799 1270 2885 longum
1288 2798 1450 2870 videbitur
1466 2817 1563 2886 quam
1578 2800 1665 2864 utrius

398 2902 491 2968 modo
511 2902 604 2968 stadii
632 2903 850 2982 intervallum,
876 2904 962 2990 quod
982 2895 1046 2972 uno
1062 2906 1176 2992 spiritu
1197 2907 1380 2972 confeceris.
1398 2905 1440 2972 ilc
1460 2916 1576 2972 contra·
1590 2903 1667 2969 vide·

399 3029 468 3074 mus
499 3010 691 3078 Sallustium
716 3011 833 3098 ipsum,
860 3030 932 3078 cum
959 3011 1038 3098 quid
1063 3013 1159 3079 semel
1189 3011 1359 3079 dicendum
1385 3013 1568 3098 assumpsit,
1595 3011 1665 3078 adeo

399 3126 538 3202 perstare
564 3127 599 3181 ut
620 3137 703 3204 saepe
730 3137 863 3184 numero
884 3119 992 3206 egredi
1011 3118 1171 3185 videatur.
1203 3145 1215 3179 ι
1241 3117 1303 3186 Sed
1325 3120 1381 3184 illa
1404 3119 1505 3204 magis
1533 3119 1666 3206 speciosa

397 3243 492 3308 quam
512 3243 586 3290 vera
601 3243 667 3289 esse
683 3223 796 3290 docent
809 3234 840 3292 et
856 3225 1068 3292 recentiorum
1082 3225 1250 3312 opiniones
1265 3236 1296 3292 et
1315 3235 1456 3292 veterum
1475 3224 1665 3302 testimonia,

398 3329 573 3415 praesertim
592 3329 703 3411 Gellii,
727 3331 782 3418 qui
803 3332 891 3398 Noct.
910 3331 974 3400 btt.
993 3353 1040 3412 ιιι,
1061 3333 1075 3398 l
1099 3352 1173 3399 eum
1196 3329 1476 3398 «subtilissimum
1506 3329 1667 3402 brevitatis

397 3435 557 3525 artificem
585 3464 597 3498 r
621 3429 719 3516 dicia
735 3459 770 3504 ac
792 3439 999 3520 Quintiliani,
1021 3439 1075 3526 qui
1101 3438 1289 3507 brevitatem
1309 3437 1455 3505 Sallustii
1481 3455 1665 3526 magnopere

398 3543 524 3622 laudat;
541 3546 581 3610 cl.
599 3546 675 3614 lust.
694 3554 775 3612 orat.
793 3566 824 3626 ιι,
850 3546 881 3626 l,
897 3566 1003 3634 nepotc
1025 3543 1084 3614 illa
1108 3543 1315 3612 Sallustiana
1331 3543 1485 3626 brevitas,
1501 3567 1569 3634 qua
1586 3540 1667 3612 aiiil

396 3647 490 3738 apud
498 3672 595 3718 aures
610 3673 732 3718 eacaas
751 3663 851 3739 atque
865 3649 1012 3719 erarditas
1024 3664 1208 3742 potestesse
1219 3652 1410 3744 perfectius,
1421 3663 1452 3719 et
1462 3656 1558 3743 paulo
1570 3652 1662 3719 infra:

396 3755 617 3824 imarortalem
629 3757 723 3826 illam
733 3755 889 3826 Sallustii
906 3757 1127 3840 velocitatem
1146 3760 1226 3826 adde
1244 3761 1382 3828 Macrob.
1405 3761 1472 3826 Sat.
1491 3781 1523 3840 v,
1541 3761 1577 3838 l;
1595 3761 1661 3826 Sen.

396 3866 454 3952 ιιρ.
475 3867 550 3940 ιιι,
569 3867 627 3943 rc;
647 3863 761 3958 suan⁸¹
779 3867 886 3956 spon.
904 3869 1019 3952 paneg.
1038 3867 1134 3935 ann
1154 3869 1217 3936 tao
1230 3888 1319 3959 sqq.;
1339 3870 1420 3934 siai.
1439 3851 1580 3944 suan,
1595 3867 1624 3934 ι.

440 3973 478 4040 Et
493 3973 558 4041 baec
577 3972 706 4059 quidem
722 3973 860 4040 brevitas
875 3975 908 4043 in
925 3974 1096 4060 asyndetis,
1115 3974 1147 4040 in
1163 3983 1328 4060 zeugmate
1344 3984 1375 4039 et
1393 3973 1424 4040 in
1438 3974 1544 4060 ellipsi
1563 3969 1661 4060 praeci·

397 4098 457 4164 pue
477 4088 624 4144 versatur
645 4100 652 4143 :

438 4220 477 4286 Α.
499 4255 543 4272 -
565 4217 735 4309 depredata
751 4221 924 4308 saepissimo
945 4221 1165 4301 inueniuntur,
1182 4221 1359 4309 prasertim
1378 4222 1434 4290 ubi
1450 4220 1664 4292 oratiooonci-

397 4336 462 4392 tata
479 4337 537 4405 est,
555 4326 671 4394 deinde
691 4327 722 4393 in
746 4329 987 4395 enumeratione
1010 4338 1040 4394 et
1054 4329 1109 4396 ubi
1133 4340 1190 4396 eut
1208 4330 1369 4398 contrario
1387 4339 1443 4398 aut
1456 4342 1540 4398 corte
1554 4330 1664 4416 disjun-

396 4433 499 4516 genda
524 4434 607 4500 inter
633 4454 665 4499 se
693 4445 918 4520 opponuntur:
944 4436 977 4500 in
1003 4436 1257 4513 enumeratione,
1280 4437 1352 4523 lug.
1387 4437 1443 4517 ou,
1467 4437 1501 4518 6,
1524 4433 1660 4526 lapides,

397 4539 519 4626 ignem,
529 4538 598 4603 alia
611 4551 774 4627 practerea
786 4540 850 4607 tela
863 4540 1019 4630 inperaret
1029 4566 1037 4620 ;
1047 4543 1100 4624 (cl.
1115 4544 1131 4608 J
1136 4592 1142 4607 .
1154 4543 1274 4629 ttae)
1286 4568 1294 4623 ;
1307 4579 1352 4592 -
1366 4563 1438 4609 cum
1448 4544 1551 4629 plenis
1569 4560 1661 4610 enun-

396 4646 500 4724 tiatis,
516 4648 544 4711 J.
564 4647 622 4723 di,
646 4647 677 4723 l,
694 4645 845 4714 omnibus
855 4646 984 4737 praeliis
1001 4668 1068 4714 sese
1082 4647 1196 4729 victos,
1213 4669 1332 4736 agriem
1349 4643 1529 4724 vastatam,
1551 4645 1661 4716 maltos

396 4750 550 4816 mortales
564 4764 677 4842 raptos
691 4765 753 4818 aut
770 4753 900 4832 accisos,
925 4753 1021 4842 regni
1040 4773 1118 4844 apes
1134 4755 1344 4822 conminutas
1361 4775 1445 4837 asse;
1462 4757 1532 4823 Cat.
1564 4757 1615 4833 3l,
1631 4752 1658 4828 7,
