3534 5720
757 457 954 514 -lltl-

212 599 357 677 instetis,
375 595 414 666 an
436 621 453 665 a
478 599 573 665 verbo
595 612 764 665 matttrettt
776 613 886 686 aptum
903 598 955 676 sn,
970 612 1015 666 nt
1037 600 1193 666 Dietscltin
1212 601 1328 684 placet,
1347 599 1495 665 indubio

213 720 283 787 est3
301 729 372 772 narn
386 728 457 772 rem
469 706 618 793 aliquam
635 706 739 772 alicui
751 719 922 772 matarare
937 707 1010 772 lieet
1023 708 1143 785 dicere3
1160 708 1199 771 nl.
1218 707 1282 770 Cio.
1298 727 1353 790 pro
1367 707 1492 771 Cleant.

212 815 275 889 6l,
293 814 367 891 lli,
384 813 461 879 lertio
485 815 625 879 mortem
644 813 837 880 maturabat
857 813 1023 894 inimicus,
1045 824 1075 879 et
1097 815 1184 878 Suel.
1204 813 1320 879 [lumit.
1350 815 1403 891 lb,
1426 833 1494 878 nta-

215 933 334 986 turare
351 919 416 986 st'dt'
433 920 585 988 critiam.

264 1029 421 1094 Similiter
435 1029 501 1092 Cat.
521 1029 575 1102 tlt,
601 1029 633 1103 tt,
658 1027 823 1112 requirere
838 1025 936 1114 capit
950 1047 1046 1114 petent
1062 1027 1187 1091 tritum
1210 1028 1303 1091 tantis
1318 1027 1413 1092 tnalis
1429 1047 1496 1115 spe-

209 1145 342 1211 rarent,
364 1134 503 1200 Kritzins
524 1134 666 1199 dativum
689 1135 774 1200 videt
789 1155 824 1199 ex
842 1135 945 1199 verbis
965 1136 1090 1199 auitam
1108 1144 1280 1222 sperarent
1293 1133 1493 1218 pendentem,

212 1241 396 1308 Dietscltins
415 1241 590 1306 ablativum
618 1243 811 1318 absolutum,
837 1241 1001 1306 locobsius
1022 1259 1093 1305 vero
1120 1241 1201 1306 inter
1225 1242 1304 1304 ditas
1328 1242 1496 1326 opiniones

214 1349 327 1414 ltaeret.
349 1348 504 1432 Equidem
520 1349 714 1415 Gruendelio
734 1348 889 1413 assentior
903 1348 958 1433 qni
976 1347 1014 1412 nd
1030 1345 1156 1411 etitem
1172 1347 1267 1412 verba
1283 1346 1384 1412 tantis
1398 1345 1497 1411 malis

212 1457 327 1535 refert,
345 1455 398 1519 sed
415 1473 478 1518 non
502 1454 676 1519 ablativum
700 1455 750 1520 ltic
768 1454 875 1520 videre
894 1473 1032 1538 possum,
1053 1455 1174 1539 quippe
1189 1454 1278 1537 cujus
1294 1456 1498 1518 constructio·

211 1563 269 1627 nis
291 1559 467 1643 (seruitus
481 1577 552 1625 curn
565 1562 716 1644 ablativo)
733 1559 858 1626 nullum
875 1549 1053 1646 exemplum
1071 1561 1235 1638 sileretur,
1249 1561 1309 1625 nisi
1330 1561 1408 1626 iorte
1424 1579 1496 1625 eum

211 1689 293 1734 voce
311 1665 425 1746 domm
450 1669 592 1733 dativum
610 1670 714 1753 potins
735 1668 787 1733 bic
808 1668 1016 1752 progenitivo
1035 1651 1172 1752 positdm
1192 1688 1266 1732 esse
1281 1667 1437 1732 existimo.
1461 1668 1495 1732 Si

211 1776 304 1842 enim
326 1776 431 1841 Caesar
454 1775 504 1858 (Β.
529 1775 597 1840 (liv.
623 1775 655 1850 3,
675 1775 707 1852 9,
724 1775 770 1858 8),
796 1773 1052 1862 oppopnationis
1067 1774 1185 1849 eritas,
1208 1775 1376 1840 Cornelius
1394 1775 1496 1858 Nepos

213 1883 295 1948 vitet
310 1881 417 1947 coitus
432 1882 523 1958 dixit,
540 1901 603 1946 non
619 1882 710 1946 video
726 1901 783 1946 cur
797 1881 854 1946 lvoc
872 1883 937 1946 loco
954 1881 1079 1946 auitum
1097 1880 1198 1945 tantis
1213 1879 1310 1945 molis
1324 1881 1497 1946 Sallustius

213 2007 282 2052 nou
300 1987 428 2059 dixerit,
449 2007 522 2052 cnm
546 1987 694 2073 pluribus
711 1989 786 2054 locis
808 2008 955 2072 cumpro
979 1989 1117 2071 genitivo
1144 1987 1287 2052 dativum
1314 1987 1496 2052 adhibuisse

213 2105 350 2159 constet.
370 2094 519 2160 ¹Ceterum
537 2094 647 2160 confer
664 2096 736 2178 lug.
760 2096 812 2171 ll,
836 2095 891 2170 et,
913 2094 1043 2158 atinam
1063 2093 1167 2158 emori
1187 2093 1322 2158 lortunis
1342 2095 1420 2158 meis
1435 2091 1497 2158 bo-

213 2211 328 2266 rtesttts
344 2199 555 2279 enitesceret,
574 2202 626 2267 ubi
647 2201 806 2267 ablativus
822 2221 896 2265 sone
911 2203 1024 2266 durior
1038 2204 1130 2266 esset.
1188 2213 1189 2216 ’

262 2308 407 2392 [lenique
423 2309 490 2372 Cel,
518 2310 571 2382 402
591 2308 622 2386 3,
641 2308 778 2373 miseriis
793 2309 860 2372 suis
879 2305 1061 2372 remeatum
1080 2319 1219 2372 merleia
1235 2319 1419 2395 reportare,
1437 2326 1495 2371 von

215 2412 362 2480 miseriis
378 2415 473 2480 etiarn
489 2413 614 2480 dativus
631 2435 697 2481 esse
716 2414 851 2479 videtur.

262 2522 441 2586 Nuncvcro
463 2521 487 2584 si
511 2523 666 2586 rationein
681 2523 776 2608 liujus
801 2521 1045 2587 constructionis
1068 2521 1248 2606 perquiras,
1271 2540 1288 2584 a
1312 2519 1495 2585 discrimine

218 2628 391 2713 repetenda
406 2629 547 2712 estquod
558 2629 639 2694 inter
655 2629 783 2694 nomina
799 2641 829 2694 et
845 2629 941 2694 verba
956 2629 1131 2693 intercedit.
1153 2653 1164 2686 v
1178 2626 1335 2693 Nimirum
1351 2628 1494 2706 nomine,

216 2735 379 2802 Gruendel
397 2735 513 2820 inquit,
531 2755 588 2820 per
607 2755 639 2800 se
663 2736 844 2820 significant
860 2736 984 2821 aliquid
1007 2735 1091 2820 quod
1112 2735 1225 2800 stabile
1241 2746 1287 2799 est
1304 2753 1361 2798 nec
1376 2744 1495 2798 motum

217 2842 325 2917 habel,
350 2843 445 2906 verba
463 2853 574 2906 contra
589 2843 685 2928 quod.
707 2854 743 2907 nt
769 2844 813 2907 ita
833 2842 948 2918 dicant,
976 2843 1048 2907 lluit
1063 2851 1158 2925 atque
1181 2841 1283 2906 lluens
1304 2840 1392 2905 alind
1417 2841 1496 2926 qnid

216 2960 272 3014 aut
287 2949 385 3014 allicit
400 2951 446 3012 vel
458 2949 555 3013 allicit
568 2951 717 3031 (aecus),
735 2958 791 3015 ent
806 2969 842 3014 eo
859 2949 1001 3034 procedit
1014 2947 1122 3032 (dat),
1141 2948 1342 3033 autdeniqne
1355 2947 1428 3012 inde
1443 2968 1495 3012 re-

216 3055 301 3121 cedit
314 3055 456 3138 (ablat).
472 3056 711 3122 Consectarium
728 3055 886 3141 igiturest
901 3056 1031 3122 nornine
1047 3055 1174 3139 proprie
1187 3075 1259 3120 cunt
1275 3054 1413 3139 genitivo
1428 3056 1495 3119 solo

216 3161 367 3247 conjungi
387 3182 486 3246 posse,
505 3163 622 3248 quippe
638 3184 701 3249 quo
720 3183 795 3228 casu
813 3164 894 3228 ratio
914 3163 1052 3228 duorum
1074 3181 1181 3227 rernm
1195 3161 1302 3247 quieto
1321 3170 1404 3226 statu
1426 3175 1495 3226 arc*

216 3270 339 3334 tissime
364 3269 593 3334 adhaerentium
609 3269 821 3368 significetur.
850 3269 939 3347 Quod
965 3269 990 3333 si
1017 3277 1120 3332 tamen
1143 3288 1205 3332 non
1227 3267 1271 3330 ito
1288 3288 1389 3352 pauca
1410 3269 1495 3332 inve-

217 3376 366 3453 niuntur,
382 3396 454 3460 quen
469 3377 549 3442 alios
574 3396 666 3442 rasus
683 3395 778 3460 quant
801 3377 976 3460 genitivum
996 3375 1056 3439 sibi
1076 3385 1250 3448 assumant„
1278 3385 1333 3438 ant
1348 3375 1496 3439 substana

219 3484 285 3548 tive
307 3483 452 3547 verbalia
481 3493 567 3555 sunt„
597 3483 715 3568 quibus
741 3494 864 3548 suamet
891 3503 929 3547 en
948 3483 1070 3567 origine
1098 3483 1184 3546 notio
1213 3482 1256 3546 rei
1291 3482 1431 3559 liuentis,
1462 3478 1499 3545 id

217 3600 266 3654 est
284 3589 419 3654 actionis
437 3589 530 3665 inest,
549 3600 604 3654 ant
626 3589 781 3677 ejusmodi
801 3599 875 3654 sunt
897 3598 931 3654 ut
955 3588 994 3653 iis
1015 3590 1096 3654 hanc
1123 3588 1282 3653 notionem
1306 3587 1496 3670 cogitatione

217 3705 301 3762 certe
323 3696 461 3762 inserere
482 3696 587 3761 liceat.
616 3721 630 3756 n
657 3696 747 3776 Quod
767 3697 897 3782 quidem
919 3696 958 3761 de
982 3695 1189 3762 substantivis
1209 3691 1347 3770 insidia
1375 3693 1493 3772 eritas,

218 3800 401 3882 remedium
415 3823 525 3868 verum
542 3816 602 3868 est.

265 3909 401 3976 Datiotts
410 3908 525 3996 finalis
534 3930 605 3975 ontn
621 3910 796 3995 gerundivo
814 3920 869 3974 ant
883 3909 1162 3975 comsubstantiva
1178 3908 1393 3992 etqernndivo
1402 3906 1494 3994 jungi

219 4018 310 4095 solet,
331 4017 508 4102 praesertim
538 4028 606 4102 post
627 4017 782 4103 adjectiva
803 4036 874 4100 quta
899 4014 1077 4081 utilitatem
1100 4025 1155 4080 ent
1180 4013 1389 4080 ltabilt'tatent
1417 4015 1496 4080 desi·

220 4134 334 4209 qnant3
361 4124 445 4208 apud
467 4123 680 4189 Sallustium:
700 4124 779 4188 llist.
806 4145 852 4200 vn,
874 4123 930 4202 65,
947 4124 994 4188 M.
1016 4121 1179 4188 Antonias
1192 4119 1377 4212 perdundae
1390 4141 1496 4209 prett-

221 4230 282 4297 nia
296 4229 438 4318 penitus.

263 4339 300 4403 H.
325 4373 368 4386 --
392 4340 525 4404 Dnrvvns
544 4359 603 4404 cun
628 4358 812 4404 noteervvvs.
837 4373 882 4386 -
905 4335 1071 4423 Adjective
1089 4357 1160 4422 ane
1178 4332 1435 4410 similitudinem,
1450 4334 1495 4398 vi·

221 4445 393 4521 ciuitatem,
415 4446 588 4511 amicitiam
610 4456 664 4510 ant
684 4445 793 4510 odium
814 4443 980 4529 designant
1000 4463 1071 4510 cum
1091 4443 1196 4508 dativo
1216 4442 1305 4527 jungi
1324 4444 1423 4508 solere
1438 4461 1496 4507 no-

223 4563 286 4618 tum
302 4564 364 4628 esl3
384 4552 487 4618 rarius
512 4572 586 4618 vero
611 4551 797 4618 substantivi
818 4569 985 4636 porsonam
1006 4561 1104 4633 egunt
1122 4561 1153 4615 et
1176 4569 1248 4616 eum
1268 4549 1405 4634 genitivo
1419 4550 1496 4632 jun-

221 4671 349 4742 guntur,
363 4659 493 4744 utopnd
505 4660 653 4724 Nostrum
671 4655 842 4737 advortas,
861 4658 899 4739 (J.
919 4657 974 4734 t3‚
992 4659 1023 4734 l,
1036 4654 1494 4745 advorsopopettparttom),

223 4767 398 4850 attzvlogiam
412 4763 716 4858 vpcisadonrsarius
729 4785 877 4850 sequens.
890 4801 932 4812 -
942 4761 1067 4828 Similis
1079 4763 1160 4848 opud
1174 4763 1498 4846 Sallustinmsemper
