3534 5720
694 458 892 517 -109-

152 603 247 686 Quod
264 601 491 668 adablatirutu
508 603 654 688 pertinet,
668 601 929 692 propinquitatis
945 603 1183 669 notionemnuu
1195 593 1426 674 solumloc'o'ad

153 731 251 798 quem
265 710 436 788 acceditur,
458 710 511 775 sed
527 694 621 775 etiam
647 710 731 775 unde
747 709 916 776 advenitur
932 711 1080 774 cunstitui
1108 729 1195 794 posse
1215 719 1297 776 recte
1320 710 1428 788 docuit

150 819 296 884 Kritzius
314 818 453 902 (Fragm.
473 837 514 895 rr,
532 817 604 900 3l);
633 837 696 902 quo
717 819 752 882 lit
772 827 806 881 ut
817 815 972 904 propior,
984 815 1160 903 prosimus
1175 826 1235 882 etc.
1254 817 1338 882 haud
1356 837 1427 882 raro

149 943 227 990 cum
244 925 383 989 ablativo
405 935 436 988 et
455 921 498 986 ob
525 942 657 1008 praepos.
684 933 922 1001 construantur,
945 924 991 987 vel
1017 922 1113 988 etiam
1132 925 1199 988 solo
1224 923 1375 996 ablativo,
1395 935 1428 1008 ut

149 1051 253 1117 supra
267 1030 419 1095 vidimus.
437 1029 592 1094 Similiter
609 1028 829 1118 propinquus,
851 1047 923 1115 quae
939 1045 995 1096 vox
1017 1049 1089 1095 cum
1108 1029 1213 1095 dativo
1223 1030 1314 1115 jungi
1334 1032 1433 1108 solet„

148 1157 227 1204 cum
248 1137 387 1202 ablativo
412 1137 529 1221 legitur
542 1139 622 1201 illst.
645 1157 687 1213 ιν,
705 1138 743 1203 31
761 1159 768 1202 :
794 1138 832 1202 C.
858 1139 968 1202 Verres
987 1135 1099 1202 littora
1124 1135 1222 1202 trotio
1232 1136 1428 1225 propinquo

147 1244 315 1333 firmavit.
392 1275 395 1284 ·

764 1438 818 1502 tv.

699 1615 737 1670 De
754 1615 884 1669 ablativa.

199 1777 494 1844 b.-bnmr1vus
523 1797 665 1841 1111-
688 1776 921 1842 l⁰bblativtrm
950 1777 1023 1854 loci,
1053 1775 1078 1840 si
1108 1775 1304 1862 designanda
1332 1777 1428 1843 luerit

149 1883 234 1948 urbs
254 1885 323 1964 (aut
339 1901 436 1968 parva
466 1881 584 1966 insula)
608 1881 693 1946 uude
711 1882 784 1967 quis
807 1881 927 1960 veniat,
952 1900 1024 1947 cum
1040 1883 1263 1967 propositione
1280 1879 1348 1964 (ob,
1373 1903 1425 1956 11,

151 1986 208 2074 de)
221 1989 367 2076 junctum
384 1988 601 2054 adhibuerunt
618 1989 769 2053 libentius
789 1999 932 2054 auctores
947 1987 1085 2074 antiqui,
1103 1988 1279 2070 ablativum
1298 2007 1428 2054 verosa-

149 2099 223 2163 lum
235 2097 352 2183 saepius
369 2115 474 2160 aureae
489 2094 591 2160 atatis
606 2095 787 2180 scriptores.
806 2094 900 2181 Apud
915 2114 1022 2161 omnes
1038 2105 1143 2161 tamen
1161 2105 1296 2180 utraque
1313 2095 1429 2182 legitur

146 2201 358 2280 constructio,
368 2201 459 2286 cujus
469 2201 657 2266 dillcrcutiae
672 2202 828 2267 rationem
844 2201 899 2288 qui
911 2200 1131 2286 explicandam
1142 2213 1359 2288 susceperuut,
1371 2203 1425 2268 diu

147 2311 356 2394 multumque
380 2308 516 2394 fatigati,
545 2305 817 2392 parum-leliciter
851 2323 917 2374 rem
939 2317 1102 2392 gesserunt
1131 2308 1154 2374 ¹.
1194 2309 1238 2374 Ex
1262 2329 1311 2394 gr.
1342 2309 1427 2394 quod

150 2416 246 2481 Hand
260 2417 396 2482 Turseli.
419 2437 442 2492 1,
460 2435 490 2500 p.
514 2415 567 2491 10,
585 2435 648 2500 sq.,
664 2421 717 2499 qui
739 2425 839 2480 totum
856 2415 940 2480 bunc
960 2435 1052 2480 usum
1067 2399 1308 2500 dilig'eutissime
1321 2405 1427 2480 obserss
1497 2458 1501 2468 -

148 2523 253 2601 ravit,
271 2523 382 2588 statuit
401 2549 412 2581 ι
444 2523 584 2608 legitime
603 2522 856 2606 praepositionem
884 2522 971 2606 poni,
998 2521 1023 2587 si
1048 2523 1121 2607 quis
1143 2541 1215 2587 cum
1231 2522 1368 2587 exercitu
1390 2541 1427 2588 ex

151 2630 265 2715 aliqua
282 2629 409 2714 regione
424 2629 472 2694 vel
490 2629 529 2694 ab
543 2627 680 2715 alicujus
695 2628 783 2694 urbis
798 2629 1035 2714 oppugnatione
1049 2627 1174 2694 recedat
1194 2655 1222 2708 r,
1241 2627 1272 2693 id
1288 2649 1363 2694 sane
1379 2647 1426 2694 re·

150 2755 225 2802 rum
241 2745 287 2800 est
306 2737 339 2800 in
363 2753 487 2800 summa
512 2736 609 2800 etiam
634 2736 718 2820 apud
742 2736 943 2800 Sallustium.
965 2735 1012 2800 Cl.
1034 2736 1105 2822 Jug'.
1124 2735 1179 2811 61,
1212 2737 1243 2813 1,
1262 2733 1424 2816 Metellus,

143 2851 328 2930 postquam
342 2839 431 2907 videt
449 2841 578 2930 frustra
599 2841 777 2930 inceptum,
800 2877 845 2891 -
858 2840 901 2906 ab
925 2843 1029 2908 Zomo
1053 2840 1203 2922 discedit3
1225 2842 1335 2908 multis
1353 2863 1427 2909 vero

148 2947 228 3012 aliis
246 2949 321 3014 locis
337 2949 422 3034 apud
443 2967 515 3014 eum
532 2949 714 3035 praepositio
734 2957 910 3034 usurpatur
929 2971 1032 3014 :—o.
1050 2949 1229 3014 cumverbo
1244 2947 1363 3030 obesse,
1378 2952 1428 3015 vel

148 3054 312 3119 adverbiis
337 3053 469 3144 procul,
492 3053 600 3142 loupe,
621 3057 669 3120 vel
687 3055 760 3120 aliis
775 3055 904 3121 vocibus
925 3076 997 3140 quae
1013 3055 1195 3120 distantiam
1221 3055 1388 3142 designant
1416 3077 1423 3120 ε

150 3162 228 3242 lug.
241 3161 295 3238 91,
313 3162 345 3239 2,
360 3161 554 3249 pervenitur
569 3159 678 3227 locum
689 3159 891 3226 tumulosum
904 3159 946 3226 ab
964 3163 1073 3250 Capsu
1087 3181 1153 3226 rrou
1169 3160 1314 3250 amplius
1324 3157 1427 3228 datum

147 3265 283 3332 milium
299 3265 494 3343 interuoll0;
515 3271 586 3353 lug.
610 3270 664 3344 82,
688 3269 720 3346 1,
746 3279 889 3334 ceterum
912 3266 1007 3334 1111111
1015 3265 1135 3358 procul
1145 3266 1187 3333 ub
1205 3267 1298 3334 01111
1313 3268 1428 3334 rustris
1485 3303 1487 3306 ·

148 3372 292 3438 misultis
304 3393 394 3461 repes
409 3374 594 3462 opperitur;
618 3375 671 3460 (cl.
698 3375 778 3440 Hist.
797 3395 838 3452 rr,
857 3376 911 3452 16,
928 3372 1106 3462 proculab
1121 3371 1230 3458 domo)
1246 3397 1255 3455 ;
1283 3375 1352 3442 Cat.
1372 3375 1425 3451 10,

149 3481 186 3556 5,
214 3489 283 3544 tum
302 3483 424 3546 lirutus
438 3479 480 3546 ob
495 3483 601 3548 Iloruo
616 3479 740 3560 oberat,
756 3480 817 3547 ubi
833 3483 1029 3568 praepositio,
1046 3501 1117 3566 qua
1133 3481 1298 3546 nonnullis
1316 3482 1430 3548 codici·

149 3587 213 3652 bus
233 3586 330 3664 deest,
358 3587 539 3653 testimonio
559 3588 712 3653 Prisciani
729 3587 949 3654 confirmatur.
971 3588 1128 3654 Similiter
1145 3607 1217 3652 cum
1237 3588 1309 3653 aliis
1324 3588 1427 3653 nomi·

150 3693 249 3758 nibus
265 3692 322 3758 loci
345 3695 527 3778 praepositio
543 3714 669 3779 semper
685 3694 769 3779 apud
783 3695 932 3760 Nostrum
952 3704 1147 3780 usurpatur:
1166 3695 1234 3760 Cat.
1256 3695 1343 3772 6,1;
1372 3694 1427 3768 10,

153 3798 301 3884 16;113.
319 3801 372 3876 11,
391 3801 432 3877 5;
452 3801 506 3877 ts,
525 3807 563 3880 33
580 3799 654 3879 101,
671 3801 692 3866 8
700 3798 798 3879 3-b.
810 3800 834 3866 si
851 3801 1039 3866 nominibus·
1049 3801 1306 3866 urbiumnomcn
1324 3801 1430 3885 appel-

153 3905 288 3972 lativum
305 3904 396 3986 urbs,
415 3905 586 3994 oppidum.
604 3919 678 3986 etc,
697 3907 891 3994 adJungatur
909 3929 916 3972 :
933 3908 1004 3992 lug.
1024 3909 1099 3986 101,
1117 3909 1149 3986 1,
1166 3903 1261 3972 baud
1277 3904 1432 3993 leupo-ob

152 4009 275 4100 oppido
290 4013 383 4078 Cirto
398 4011 546 4100 audique
555 4012 658 4079 simul
668 4013 886 4101 speculatores
900 4013 958 4079 citi
969 4035 1002 4079 se
1015 4011 1204 4090 osteuduut3
1218 4014 1273 4091 77,
1287 4015 1317 4085 1,
1331 4009 1434 4099 lopati

152 4139 195 4183 err
205 4116 325 4206 oppido
338 4118 433 4207 Lepti
441 4117 485 4184 orl
495 4117 666 4186 Metellum
680 4129 848 4184 1111111111.
865 4122 1053 4207 Exemplum
1067 4121 1138 4205 lug.
1157 4121 1233 4198 101,
1249 4122 1279 4198 1,
1296 4117 1432 4205 illosque
1495 4147 1500 4155 ·

153 4224 304 4312 (lepotos)
334 4236 365 4290 11
383 4223 514 4291 Sullam
535 4225 576 4292 od
595 4225 688 4292 Utica
708 4229 819 4291 oeuire
832 4225 941 4314 jubet,
970 4228 1069 4313 legem
1088 4227 1128 4292 ab
1148 4227 1272 4292 llrrndio
1298 4225 1431 4310 [rasilem

151 4330 482 4412 extendere'ridetur3
505 4353 580 4398 nam
601 4333 693 4398 Sulla
711 4333 870 4417 legatique
891 4333 922 4398 in
943 4333 1086 4399 hibernis
1104 4343 1209 4411 erant,
1228 4351 1262 4410 ac
1278 4332 1304 4396 si
1325 4341 1432 4398 utrum

156 4439 188 4503 in
212 4438 281 4523 ipso
310 4438 431 4525 oppidu
449 4441 549 4517 Utica,
572 4459 611 4504 an
629 4441 721 4525 juxta
740 4439 894 4524 oppidum
911 4439 1010 4524 (quod
1024 4461 1102 4506 sane
1120 4441 1335 4508 Romanorum
1352 4441 1435 4521 erat)

155 4545 302 4610 collocati
319 4555 435 4618 essent,
454 4565 517 4612 non
533 4547 609 4611 satis
622 4555 756 4620 constat,
772 4545 980 4611 verisimilius
996 4555 1099 4616 tamen
1118 4557 1164 4612 est
1180 4534 1296 4631 inipso
1315 4543 1434 4630 oppido

158 4651 350 4717 habitavisse
363 4652 475 4718 saltem
491 4662 680 4737 quaestorem
693 4651 784 4716 Marii
798 4663 828 4716 et
846 4652 975 4737 legatos,
989 4673 1068 4738 quos
1082 4652 1248 4738 magnifice
1262 4651 1429 4717 babuerat.
1460 4685 1463 4691 ·

191 4785 213 4830 1.
231 4781 319 4830 Plures
332 4797 361 4830 ex
378 4781 410 4830 iis
423 4783 586 4845 opinionibus
601 4782 692 4830 allatas
705 4781 763 4829 vide
778 4781 846 4845 apud
863 4781 1095 4841 Barlstuebnerum,
1111 4799 1134 4846 p.
1150 4785 1189 4831 stt.
1273 4822 1275 4825 ,

842 4878 847 4885 ·
1280 4867 1296 4914 11
