3666 5724
396 535 513 621 quibus
529 535 698 621 aliquoties
712 535 814 600 multa
829 534 935 614 utilia,
953 534 1068 620 sapius
1084 553 1157 600 uero
1172 533 1252 598 nilril
1268 534 1332 599 lere
1347 536 1419 600 novi
1436 538 1661 621 excerpsimus.

395 661 434 725 Et
453 661 510 725 illa
523 659 658 746 quidem
678 660 829 746 opuscula
849 659 914 726 naa
937 661 1001 726 lere
1015 668 1115 725 sunt:

443 867 547 936 Wirz.
564 870 667 934 -De
683 867 744 933 fide
755 878 850 954 atque
870 867 1057 935 auctoritate
1072 868 1188 935 codicis
1214 869 1393 936 sallustiani
1409 870 1464 955 qui
1484 869 1615 936 Parisiis
1631 869 1661 935 in

392 985 583 1050 bibliotheca
600 983 758 1069 imperiali
783 1003 815 1048 n.
842 983 927 1049 1676
943 993 1120 1050 asservatur
1134 987 1369 1051 commentatio.
1392 985 1537 1064 Aeneiae,
1560 986 1659 1051 1867.

434 1108 571 1175 Anbol.
592 1145 637 1157 -
655 1109 732 1187 Quae
748 1108 828 1174 ratio
850 1107 991 1174 inlibris
1011 1108 1209 1175 recensendis
1236 1109 1435 1175 sallustianis
1461 1119 1543 1176 recte
1568 1109 1661 1175 adbi-

390 1234 456 1300 beri
474 1233 630 1299 rideatur.
647 1235 746 1312 lenm,
765 1232 861 1298 1876.

431 1360 471 1423 Dr
486 1355 721 1424 Budstuebuer.
739 1394 783 1406 —
798 1359 843 1423 De
868 1356 1012 1423 Sallustii
1039 1376 1154 1443 genere
1180 1357 1304 1424 dicendi
1327 1358 1561 1424 commentatio.
1585 1360 1659 1422 Ber·

387 1483 446 1564 lire,
461 1485 557 1549 1863.

429 1611 472 1673 H.
494 1607 622 1673 Kuziol.
643 1644 688 1657 -
705 1607 808 1674 Ueber
827 1606 879 1672 die
899 1606 1085 1693 Bedeutung
1105 1607 1170 1672 und
1197 1607 1257 1674 den
1283 1608 1450 1676 Gebraucb
1464 1599 1530 1673 'des
1560 1607 1654 1675 histo·

362 1791 366 1802 ,
385 1731 508 1796 riscben
526 1730 683 1797 Infinitivs
698 1731 748 1796 bei
766 1730 897 1796 Sallust.
920 1731 1022 1818 lglau‚
1043 1731 1139 1797 l868.

427 1854 623 1920 Auscbueta.
641 1890 684 1904 -
701 1855 822 1920 Selecta
835 1856 940 1940 capita
954 1855 993 1921 de
1007 1855 1130 1942 syntaxi
1148 1856 1349 1922 sallustiana.
1367 1855 1475 1935 Halia,
1490 1855 1586 1923 1873.

429 1983 465 2044 P.
482 1978 646 2045 Sebultae.
658 2016 703 2029 -
716 1982 761 2046 De
776 1979 969 2045 Arcbatsmis
992 1980 1200 2047 sallustianis.
1219 1978 1328 2059 natis,
1356 1981 1452 2047 1871.

428 2105 468 2169 G.
488 2105 678 2170 Bruennert.
696 2141 737 2152 -
755 2105 799 2169 De
810 2103 964 2170 Sallustio
981 2103 1140 2187 imitatore
1155 2105 1283 2171 Catonis
1297 2104 1438 2172 Sisennae
1454 2104 1653 2193 aliorumque

381 2238 520 2294 veterum
540 2229 764 2295 historicorum
783 2247 1000 2295 romanorum.
1017 2231 1118 2308 lenae,
1136 2231 1234 2296 1873.

423 2351 570 2419 Deltour.
585 2355 688 2420 -De
707 2353 860 2420 Sallustio
874 2353 1005 2420 Catonis
1020 2353 1190 2420 imitatore.
1208 2352 1359 2434 Parisiis,
1383 2354 1479 2420 1869.

422 2476 582 2544 Laureolo.
600 2516 642 2527 —
655 2480 700 2544 De
720 2479 754 2545 C.
772 2478 917 2544 Sallustii
936 2479 1038 2565 Crispi
1055 2480 1194 2566 ingenio,
1213 2488 1280 2546 arte
1296 2479 1483 2564 rationeque
1508 2478 1647 2545 dicendi.

376 2603 505 2669 Accedit
524 2602 718 2689 comparatio
733 2622 805 2668 cum
820 2601 1001 2689 Thucydide
1020 2612 1051 2668 et
1065 2603 1183 2669 Tacito.
1197 2600 1394 2682 Abrcuec’lem
1416 2603 1515 2670 1873.

428 2730 462 2794 V.
498 2725 654 2794 Gorburi.
683 2763 724 2777 -
765 2729 810 2794 De
843 2727 1036 2814 quibusdam
1073 2727 1139 2794 stili
1178 2727 1345 2794 salustiani
1381 2727 1646 2814 proprietatibus.

376 2855 504 2931 Tralata,
525 2853 623 2918 1871.

418 2976 490 3048 ll'ic.
522 2975 740 3065 0661669.-
758 2978 804 3043 De
830 2976 1016 3043 Elocutione
1042 2976 1076 3042 C.
1106 2976 1251 3062 Sallustii
1280 2975 1383 3062 Crispi
1408 2976 1643 3042 commentatio.

327 3101 330 3110 '
375 3101 511 3191 Upsulo,
525 3101 621 3168 laea.

415 3225 506 3292 Frid.
536 3225 704 3293 Puldunei.
735 3264 781 3277 -
812 3226 1030 3308 Quaestionum
1058 3225 1320 3293 sallustianarum
1346 3227 1517 3312 specimen.
1547 3227 1644 3294 Dres-

371 3350 432 3431 dae,
452 3353 548 3418 1852.
1309 3441 1310 3446 ἵ

414 3477 628 3543 66616666.-
646 3477 889 3544 Observationes
905 3477 937 3543 in
958 3476 1130 3543 nonnullos
1146 3475 1291 3542 Sallustii
1317 3475 1414 3542 locos.
1441 3473 1523 3562 Hos.
1541 3475 1639 3542 teas,

413 3600 661 3669 1666666661.
681 3640 726 3653 -
738 3601 933 3682 Quaestiones
948 3601 1155 3668 sallustianae.
1174 3598 1362 3688 Reqe'mnnti
1374 3603 1431 3666 Pr.
1451 3599 1549 3665 1861.

411 3729 466 3794 Fr.
487 3725 663 3794 Gruendel.
683 3730 788 3794 -De
806 3727 882 3794 locis
902 3726 1024 3813 aliquot
1037 3725 1245 3792 sallustianis.
1269 3723 1390 3803 Thoen,
1409 3724 1503 3790 1869.
1541 3788 1543 3793 .

413 3851 535 3920 Denter.
556 3889 602 3902 -
620 3854 735 3919 Satura
750 3851 958 3938 grammatica
971 3852 1074 3938 (cujus
1091 3871 1164 3938 pars
1180 3850 1284 3937 prima
1300 3849 1339 3916 ad
1358 3849 1549 3917 Sallustium
1566 3867 1638 3934 per-

367 3978 473 4064 tinet.)
490 4014 535 4027 -
549 3975 679 4066 Leptoia,
698 3978 794 4044 tate.
1395 3977 1400 3988 '
1640 3952 1642 3956 Α

408 4105 460 4170 D'.
476 4101 569 4168 Lilia.
586 4139 631 4154 -
643 4101 887 4168 Observationes
901 4099 1115 4188 grammaticae
1130 4099 1163 4165 in
1178 4074 1378 4166 Sallustium.
1401 4102 1513 4176 laver,
1537 4097 1633 4162 1876.

408 4231 556 4295 Petraea.
572 4264 616 4278 -
632 4227 862 4293 Commentatio
877 4226 915 4292 de
940 4224 1183 4312 participiorum
1201 4223 1373 4290 latinorum
1396 4223 1518 4290 ratione
1541 4231 1636 4307 atque

363 4373 435 4420 usu.
455 4351 677 4433 6666616666,
695 4351 781 4432 1826
794 4351 815 4416 ¹.

392 4559 416 4604 1.
431 4555 459 4604 In
476 4555 673 4614 Badstuebneri‚
689 4555 823 4613 Schultzii‚
840 4552 1018 4614 Ans'chuetzii,
1034 4551 1176 4616 Oestliugii‚
1197 4550 1307 4600 Koziolii
1320 4550 1414 4600 libellis
1429 4549 1570 4599 maximum
1583 4563 1630 4598 au·

359 4643 448 4693 xilium
464 4643 621 4704 invenimns;
637 4644 703 4693 adde
719 4643 845 4708 optimum
859 4643 891 4692 rle
904 4641 1010 4705 syntaxi
1022 4641 1100 4691 latina
1116 4633 1243 4704 Draegeri
1258 4639 1361 4698 librum,
1379 4639 1453 4701 cujus
1475 4653 1523 4702 ope
1543 4651 1630 4687 exem·

359 4733 402 4797 pla
412 4734 463 4795 iarn
477 4733 575 4783 anobis
589 4733 698 4784 collecta
716 4733 855 4784 admodum
871 4732 998 4782 auximus.
