3666 5724
748 431 920 486 „47-

198 595 247 655 ur,
261 574 316 653 30,
332 575 373 640 59
382 597 391 653 ;
404 595 446 656 ιιι,
459 575 514 653 27,
530 574 568 654 3;
581 591 804 660 -mopnrrm,
816 574 887 659 lug.
902 573 981 651 5,1ι,
998 571 1094 660 cujus
1106 593 1266 661 mappam
1286 585 1385 662 atque
1405 575 1471 642 late

195 681 375 771 imperium
412 669 531 759 valuit,
551 680 605 746 ubi
632 681 805 749 Muellerus
824 690 855 745 et
882 681 1081 757 Gerlaobius,
1106 680 1249 748 Cortium
1280 682 1391 760 secuti,
1415 684 1470 748 ad-

192 789 348 876 jectivum
368 809 440 854 curn
463 787 613 854 adverbio
628 787 774 874 junctum
793 807 860 852 esse
885 786 960 852 satis
979 785 1087 872 inepte
1116 781 1357 856 affirmaverunt
1376 791 1472 855 verba

197 897 397 982 interpretati
418 915 579 982 anappum
600 893 670 982 fuit
688 905 788 986 atqpa
808 891 872 957 late
893 889 1028 980 patuit;
1054 913 1089 959 ac
1115 893 1230 960 deinde
1253 897 1417 962 Jacobsius
1442 909 1473 961 et

195 1003 377 1068 Fr'eundius
389 1017 548 1090 maprrum
570 1019 626 1088 pro
646 1000 800 1088 adjectivo
820 999 1022 1086 praedicativo
1037 999 1220 1068 habuerunt
1234 1003 1273 1068 ad
1292 1003 1388 1069 verba
1408 1001 1471 1068 im-

191 1109 326 1198 perium
339 1108 449 1174 patior
465 1109 642 1188 relerendo,
661 1108 743 1193 (sine
761 1107 860 1172 dubio
877 1127 933 1193 per
952 1107 1210 1195 appositionem),
1224 1119 1254 1175 et
1267 1110 1473 1176 contulerunt

196 1219 264 1283 Cic.
291 1219 381 1282 Tusa.
399 1237 430 1294 v,
454 1223 486 1293 9,
504 1217 537 1294 5,
562 1213 622 1280 tibi
643 1212 887 1303 (philosophiae)
907 1231 978 1294 taos,
996 1223 1034 1278 ιιι
1048 1226 1147 1279 antea
1161 1236 1286 1302 mopno
1309 1237 1350 1282 ea
1362 1227 1470 1305 parte,

197 1322 245 1389 sic
259 1343 348 1388 ιιιιιιι
358 1323 491 1412 penitus
514 1333 659 1408 totosque
678 1319 851 1386 tradimus.
875 1321 938 1406 Ego
953 1340 1028 1386 vero
1050 1321 1344 1408 interpretationem
1359 1324 1471 1390 Kritzii

201 1429 432 1516 praeferendam
458 1438 545 1516 puto,
567 1429 622 1515 qui
645 1447 805 1514 properum
829 1447 884 1512 pro
913 1425 1062 1494 adverbio
1083 1428 1189 1507 babet,
1206 1441 1237 1494 et
1251 1429 1296 1494 sic
1310 1431 1471 1515 explicat:

201 1565 212 1596 ι
234 1537 419 1603 Tenendum
441 1537 543 1622 potius
560 1547 617 1613 est,
643 1555 743 1622 quum
763 1534 940 1628 accusatipo
963 1534 993 1599 id
1008 1535 1210 1603 contineatur
1224 1536 1315 1622 cujus
1331 1545 1472 1622 respectu

198 1644 283 1711 illud
299 1644 334 1710 fit
353 1643 438 1730 quod
457 1645 552 1708 verbo
577 1641 775 1719 enuntiatur,
802 1640 1030 1727 adjectivorum
1052 1661 1179 1727 quoquo
1195 1653 1308 1708 neutra
1326 1642 1384 1710 isto
1399 1663 1472 1709 casu

200 1751 304 1837 posita
319 1770 389 1816 eam
401 1751 466 1815 vim
477 1749 594 1815 habere
609 1758 644 1814 ut
659 1769 721 1834 quo
734 1748 827 1814 modo
843 1749 890 1813 vel
908 1768 970 1833 quo
986 1757 1127 1834 respectu
1143 1749 1312 1835 cogitanda
1331 1751 1371 1832 sit
1386 1750 1471 1816 verbi
1521 1789 1534 1810 1

199 1857 290 1923 notio
304 1856 493 1943 significent.
510 1857 573 1922 Usu
590 1863 694 1920 autem
708 1855 883 1920 factumest
897 1864 933 1929 ut
949 1854 1022 1920 talis
1039 1855 1250 1933 accusativus,
1267 1856 1400 1942 propria
1417 1875 1472 1942 po-

200 1973 313 2029 testate
329 1964 423 2052 plane
439 1963 633 2037 oblitterata,
656 1963 687 2026 in
702 1981 821 2027 meram
838 1961 992 2037 adverbii,
1015 1962 1147 2027 verbum
1166 1961 1289 2048 vulgari
1309 1961 1402 2028 modo
1418 1963 1474 2029 de-

202 2070 355 2148 finientis,
370 2070 433 2135 vim
451 2069 562 2134 abiret.
585 2096 596 2128 ι
622 2103 667 2116 -
680 2067 824 2133 Madtum
838 2087 911 2133 cum
926 2067 1020 2133 verbo
1038 2069 1175 2133 occurrit
1198 2069 1266 2134 Cat.
1291 2070 1345 2148 27,
1363 2071 1400 2148 1;
1416 2069 1472 2148 60,

200 2179 239 2256 1;
256 2179 329 2261 Jug.
353 2176 406 2255 19,
424 2179 437 2241 1
452 2199 459 2253 ;
474 2177 528 2251 91,
549 2175 586 2250 3;
605 2164 732 2252 108,1;
753 2185 784 2240 at
798 2175 868 2259 Jug.
894 2175 925 2254 1,
939 2175 971 2252 5,
990 2175 1043 2240 ubi
1061 2173 1203 2240 multum
1218 2175 1359 2241 Krilzius
1376 2177 1473 2242 inter·

201 2294 346 2370 pretatur
368 2293 513 2371 respectu
536 2279 718 2346 mrvltarnm
738 2301 850 2345 reram
872 2282 919 2346 vel
946 2291 983 2345 ιιι
997 2280 1031 2346 in
1055 2279 1168 2346 multis
1186 2281 1238 2370 fit,
1262 2281 1293 2346 id
1313 2294 1359 2347 est
1373 2303 1471 2371 sepe,

200 2391 311 2476 optimi
325 2390 446 2456 codices
454 2387 626 2475 multoque
636 2389 715 2474 (non
726 2386 946 2474 multumque)
958 2387 1060 2453 etiam
1065 2387 1250 2476 periculoso
1262 2389 1421 2454 exhibent.
1431 2425 1476 2440 -

201 2499 322 2562 Recerts
335 2497 452 2582 legitur
472 2494 613 2561 adverbii
629 2494 860 2580 significatione
876 2496 956 2560 Hist.
977 2517 1023 2573 ιιι,
1042 2496 1078 2560 31
1104 2507 1135 2560 et
1150 2501 1198 2573 vv,
1211 2496 1252 2562 93
1272 2496 1333 2582 (Cl.
1351 2497 1419 2561 Liv.
1437 2518 1472 2576 ιι,

200 2605 256 2680 99,
276 2606 311 2683 1;
330 2605 403 2670 Tac.
420 2603 494 2668 hist.
514 2623 536 2680 ι,
554 2604 613 2681 77;
632 2622 707 2668 ann.
726 2624 760 2681 ιι,
778 2603 832 2681 tl,
851 2613 912 2676 etc,
927 2603 1243 2680 etvldeCluarisium,
1264 2625 1292 2688 p.
1311 2605 1388 2680 916,
1402 2604 1473 2690 98.)

244 2713 278 2776 7ο
302 2709 533 2778 Adverbiorum
552 2709 762 2775 accumulatio
778 2709 917 2774 notanda
932 2721 978 2774 est
992 2711 1059 2776 Cat.
1078 2711 1144 2789 9,9
1161 2721 1191 2775 et
1207 2713 1262 2790 20,
1284 2710 1343 2776 10;
1362 2732 1475 2777 aarum

201 2817 289 2882 araim
304 2837 380 2881 aero
399 2844 444 2874 z
462 2827 494 2880 ot
514 2816 662 2902 prolecto.

244 2925 280 2990 8ο
303 2919 408 2988 Hatvd
423 2945 440 2987 a
454 2923 606 2989 Sallustio
622 2921 804 2988 adamatum
818 2922 914 2988 luisse
930 2921 1068 2998 videtur,
1090 2923 1175 3008 quod
1191 2943 1209 2988 a
1227 2929 1294 2988 aaa
1308 2926 1476 3010 negatione

200 3052 263 3116 quo
285 3029 378 3096 modo
401 3029 525 3095 dillerat
544 3029 743 3114 grammatici
768 3049 832 3095 non
856 3033 1069 3096 consentiunt.
1097 3031 1214 3096 Tamen
1235 3031 1411 3097 notandum
1430 3042 1477 3098 est

200 3137 288 3224 apud
303 3137 491 3204 Sallustium
507 3156 632 3221 semper
650 3137 715 3202 lere
736 3147 807 3202 ante
824 3135 979 3222 adjectiva
994 3139 1042 3202 vel
1060 3135 1211 3204 adverbia
1227 3137 1365 3223 positum
1386 3139 1476 3204 inve·

200 3245 284 3323 niri3
304 3265 368 3310 uno
390 3253 512 3310 tantum
539 3245 605 3310 loco
624 3243 663 3326 (J.
691 3243 766 3319 ll0,
792 3243 826 3328 8)
851 3254 923 3309 ante
949 3244 1169 3330 participium,
1195 3244 1279 3330 quod
1300 3244 1397 3312 etiam
1418 3265 1476 3332 pro

201 3351 465 3438 adjectivolaclle
489 3351 597 3416 haberi
621 3350 734 3435 possit:
761 3347 856 3415 band
877 3350 1027 3438 repulsus
1042 3349 1159 3417 abibis.
1177 3351 1383 3419 Locutionem
1406 3353 1476 3419 vul-

199 3478 308 3546 garem
321 3455 416 3524 baud
434 3455 500 3522 scio
516 3479 581 3537 ort,
606 3477 677 3542 quae
693 3456 778 3543 apud
793 3458 948 3523 Caesarem
963 3460 1058 3523 semel
1076 3469 1106 3524 et
1124 3458 1207 3546 apud
1224 3459 1407 3525 Ciceronem
1423 3480 1476 3526 sae·

202 3566 274 3650 pius
297 3574 409 3642 exstat,
436 3583 595 3649 nusquam
611 3564 759 3631 adhibuit
777 3565 904 3645 Noster;
927 3565 1002 3632 item
1029 3563 1123 3630 baud
1145 3563 1271 3646 dubito,
1298 3587 1369 3652 quae
1391 3566 1475 3653 apud
1497 3633 1500 3640 ,
1594 3589 1597 3595 ·

199 3673 384 3738 Ciceronem
402 3673 516 3756 legitur
542 3671 594 3756 (de
613 3673 690 3755 Rep.
713 3693 735 3762 ι,
755 3671 821 3755 15),
844 3692 906 3736 non
931 3671 1104 3738 invenitur.
1129 3661 1284 3738 P'raeterea
1300 3673 1474 3739 Sallustius

200 3780 283 3844 hanc
298 3779 489 3864 particulam
504 3777 620 3862 saepius
640 3787 712 3843 ante
732 3777 887 3864 allectiva
903 3778 992 3864 ponit
1007 3799 1103 3864 quam
1119 3780 1212 3845 ceteri
1232 3779 1401 3864 scriptores
1422 3779 1476 3865 qui

200 3905 272 3952 eam
292 3885 450 3970 precipue
466 3903 538 3949 curn
557 3883 716 3950 adverbiis
730 3884 862 3970 jungere
880 3887 992 3950 solent.

246 3993 281 4056 9ο
306 3993 427 4056 Praeter
440 3991 627 4057 adverbium
650 4011 725 4056 sane
750 4002 795 4056 est
810 3993 878 4058 Cat.
906 3993 961 4071 36,
986 3993 1019 4072 9,
1035 4003 1147 4058 cetera·
1168 3990 1376 4058 maeltitudr'ni
1389 3989 1476 4057 diem

199 4097 329 4194 statuit,
343 4109 419 4162 onte
430 4118 532 4184 quom
544 4095 613 4162 siae
620 4097 745 4185 froude
755 4095 865 4163 liceret
879 4097 920 4163 ab
934 4098 1037 4165 erutis
1048 4097 1222 4178 discedere,
1234 4111 1356 4188 praeter
1365 4120 1477 4163 rernm

200 4202 397 4292 capitolium
417 4201 652 4283 conminutas,
671 4214 706 4268 ut
717 4203 882 4270 nonnullis
899 4205 975 4270 locis
992 4205 1076 4290 apud
1089 4216 1245 4288 argenteae
1260 4207 1362 4272 aetatis
1378 4208 1478 4291 scrip-

202 4322 287 4377 tores
302 4321 333 4376 et
348 4311 434 4396 apud
458 4311 643 4376 Ciceronem
660 4310 715 4395 (ad
730 4312 841 4390 Quint.
858 4313 930 4377 lrat.
949 4335 972 4392 ι,
994 4313 1022 4391 l,
1038 4315 1070 4389 5,
1088 4315 1105 4397 ξ
1120 4313 1184 4396 16).
1202 4315 1270 4379 Non
1291 4314 1478 4398 igiturPris-

201 4421 296 4484 clano
313 4417 550 4484 assentiendum
564 4426 611 4482 est
631 4418 686 4502 qui
709 4437 794 4483 nuuc
809 4438 864 4502 pro
880 4430 1002 4506 prater
1024 4416 1211 4501 damnatos,
1235 4439 1317 4485 nunc
1339 4439 1396 4504 pro
1410 4418 1480 4484 sirie

201 4522 371 4590 άαιιιιιιιιιῖι
392 4525 527 4610 positum
543 4524 612 4590 vult
629 4523 717 4610 (xvu,
740 4543 770 4610 p.
791 4524 889 4604 1101,
909 4545 996 4603 ιιιιιι,
1025 4547 1054 4610 p.
1075 4528 1189 4612 1197).

251 4630 318 4696 100.
346 4633 488 4716 Denique
502 4632 561 4697 hoc
576 4631 769 4711 notabimus,
787 4631 977 4698 Sallustium
992 4633 1141 4698 adverbia
1171 4635 1202 4698 in
1223 4632 1268 4698 int
1289 4631 1480 4711 desinentia,

204 4759 277 4823 quae
292 4737 441 4823 (exceptis
456 4738 671 4804 usitatissimis
693 4737 817 4817 statim,
838 4737 1020 4825 paulatim,
1044 4739 1187 4818 interim,
1208 4739 1349 4828 partim)
1367 4740 1480 4825 praeci-
