3666 5724
883 437 1061 495 ..40-

378 586 411 642 't’
428 580 569 666 Uterque
580 578 700 664 plurali
721 597 854 646 numero
870 577 910 646 de
929 579 1054 647 dnobus
1076 579 1212 665 singulis
1225 579 1347 646 dictum
1369 579 1510 646 occurrit
1532 578 1601 646 Cot.

333 687 365 763 5,
382 686 414 764 7,
429 683 544 775 iuopia
553 683 604 751 rei
613 683 798 773 familiaris
809 697 841 752 ct
853 685 1050 754 couscientia
1060 685 1231 766 scelerum,
1243 707 1317 774 quu
1330 695 1473 774 utruque
1486 683 1532 752 eis
1546 705 1605 752 ur-

333 790 419 858 tiltus
434 803 577 858 aruerat
588 813 672 882 quus
680 806 784 881 supra
797 793 981 860 memoravi
987 818 995 872 ;
1017 795 1096 861 111).
1115 801 1169 872 30,
1187 802 1207 859 t
1227 793 1266 874 O.
1283 791 1431 860 Marcius
1445 795 1516 861 uec
1532 794 1604 860 Fe-

331 897 433 980 11111,
466 899 506 980 Ο.
533 898 684 966 Metellus
706 899 851 967 Creticus
866 899 901 966 in
914 899 1074 989 Apuliam
1093 899 1282 988 circumque
1297 920 1336 966 eu
1356 898 1429 966 locu
1443 897 1536 966 missi
1545 922 1553 977 ;
1571 897 1603 966 ei

332 1003 466 1094 utrique
481 1003 527 1070 ad
544 1003 661 1072 urbem
680 1004 895 1095 imperotores
909 1017 1015 1073 eruut

375 1113 410 1180 8ο
428 1111 560 1200 Aliquis
573 1113 834 1180 satisrarumest
847 1103 934 1200 apud
953 1114 1156 1195 Sallustium,
1174 1113 1230 1201 qui
1246 1133 1351 1201 neque
1379 1113 1413 1179 in
1434 1112 1602 1199 negativis,

331 1237 436 1305 nequa
446 1219 477 1285 in
491 1219 760 1287 conditionalibus
771 1221 1011 1288 enuntiatishoc
1021 1241 1194 1308 pronomen
1206 1239 1349 1308 unquam
1362 1229 1496 1308 usurpat
1508 1242 1517 1299 3
1527 1237 1605 1286 sem·

332 1345 388 1414 per
398 1345 472 1392 vero
481 1325 567 1414 quis,
589 1337 643 1392 aut
655 1326 843 1416 quisquam,
856 1328 912 1414 qui
928 1328 1032 1396 rarius
1047 1329 1080 1396 in
1103 1328 1191 1395 finali
1218 1328 1365 1414 negativa
1381 1326 1605 1394 enuntiatione

330 1432 485 1528 occurrit,¹
496 1434 513 1499 J
517 1455 567 1519 ug.
587 1435 641 1513 15,
655 1435 687 1513 2,
700 1432 925 1522 nequisquam
940 1435 975 1501 iu
986 1433 1102 1501 eastris
1110 1454 1237 1524 punem
1255 1445 1315 1501 cut
1329 1454 1426 1522 quem
1441 1432 1546 1500 ulium
1563 1431 1605 1498 ci-

333 1537 412 1606 bum
425 1537 618 1608 venderet...
633 1561 675 1606 ue
689 1539 855 1630 quispiam
872 1539 987 1608 ordine
1001 1538 1220 1630 cqredcretur‚
1241 1541 1297 1607 ubi
1315 1540 1462 1609 nonnulli
1482 1539 1605 1608 codices

329 1667 370 1712 ue
390 1646 607 1736 quisquam...
628 1647 858 1736 nequisquam
879 1646 993 1715 ordine
1006 1646 1210 1736 eqrceleretur
1229 1647 1388 1714 exhibent.

373 1753 409 1819 9⁰
422 1752 518 1838 Alius
533 1773 589 1840 pro
608 1753 746 1820 «ulter»
769 1755 908 1840 positum
927 1754 1058 1841 quidem
1082 1755 1208 1820 videtur
1226 1755 1296 1821 Cat.
1315 1755 1370 1832 51,
1394 1754 1425 1832 1,
1442 1751 1605 1841 lqitureis

328 1879 443 1948 qeuus,
458 1872 549 1942 aetus,
567 1859 752 1952 elequentic
763 1881 868 1951 prope
892 1859 1037 1950 uquclic
1062 1861 1171 1950 suere,
1192 1857 1387 1950 maqnttudo
1403 1860 1511 1926 enimi
1523 1881 1603 1949 per,

330 1965 409 2033 item
419 1965 541 2056 pluria,
555 1965 614 2034 sed
622 1966 691 2034 ulia
706 1967 776 2049 ulii,
789 1967 845 2034 ubi
860 1967 1031 2036 deduobus
1043 1977 1168 2035 tentum
1182 1967 1316 2046 dicitur3
1329 1968 1370 2033 ei.
1381 1968 1450 2034 Cat.
1467 1969 1498 2046 1,
1512 1969 1545 2047 7,
1559 1966 1606 2032 itu

329 2084 509 2162 utrumque
519 2095 581 2164 per
598 2096 631 2142 sc
650 2073 800 2164 iudiqeus
812 2072 955 2142 alterum
970 2075 979 2110 ¹
995 2073 1133 2142 ulterius
1148 2073 1276 2141 cerdilio
1291 2085 1377 2162 eqet;
1396 2072 1451 2140 sed
1470 2074 1603 2152 frustra,

232 2173 235 2178 ’
299 2235 307 2248 ,
330 2181 477 2247 namhoc
502 2183 567 2248 loco
582 2179 651 2247 ulie
663 2181 747 2249 idem
765 2183 850 2268 quod
875 2180 1005 2248 diverse
1028 2183 1113 2249 valet
1132 2191 1162 2248 et
1178 2181 1344 2269 utriusque
1364 2180 1500 2266 gloriam
1523 2199 1605 2247 non·

330 2287 406 2354 dum
421 2287 600 2375 explicitam
615 2300 646 2354 et
671 2271 863 2356 illustratam
878 2288 991 2356 definit
1001 2312 1009 2368 3
1028 2288 1134 2374 itaque
1146 2288 1186 2355 ad
1204 2298 1350 2355 mutuam
1363 2287 1519 2354 rationem
1533 2305 1605 2374 qum

330 2395 413 2460 inter
428 2414 477 2461 res
493 2403 524 2460 et
540 2415 690 2481 personas
711 2395 877 2462 intercedit
890 2394 1133 2481 significandam
1148 2415 1228 2481 opus
1244 2405 1311 2461 evat
1331 2404 1367 2460 nt
1387 2413 1530 2483 personae
1548 2415 1605 2461 vo-

330 2501 479 2567 cabulum
495 2521 567 2567 eum
587 2502 630 2569 vei
646 2501 801 2568 vocabulo
815 2512 1014 2587 congrueret.
1033 2501 1081 2567 Gi.
1103 2501 1171 2567 Liv.
1193 2521 1217 2580 v,
1234 2502 1289 2579 2l,
1311 2502 1402 2567 blte
1425 2498 1491 2567 duo
1514 2499 1605 2568 deiu-
1694 2547 1696 2550 -

329 2627 404 2695 ceps
417 2627 519 2695 reqes,
538 2605 624 2674 clius
638 2605 707 2674 alie
722 2607 789 2687 uic,
804 2606 860 2674 ille
874 2606 958 2674 bello
971 2606 1024 2674 tie
1040 2627 1134 2697 pecc,
1152 2606 1317 2674 ciuitatem
1332 2619 1510 2689 occurent,
1533 2619 1601 2685 etv,

330 2715 386 2794 85,
408 2715 439 2780 5.
459 2715 504 2764 -έ-
519 2716 579 2781 Pro
599 2741 612 2775 ι
630 2714 725 2782 ceteri
753 2743 764 2775 ι
790 2715 963 2782 Sallustius
978 2711 1040 2781 olii
1060 2723 1194 2801 usurpat
1220 2716 1289 2782 Cat.
1315 2717 1370 2794 at,
1392 2715 1424 2794 2,
1443 2713 1511 2804 ipsc
1528 2735 1604 2782 cum

332 2819 396 2886 telo
411 2839 489 2899 esse,
511 2820 589 2887 item
605 2820 692 2902 ulios
696 2819 818 2909 jubere
823 2842 836 2902 ;
850 2822 866 2888 l
871 2841 921 2908 ug.
940 2822 995 2902 58,
1013 2822 1045 2902 3,
1061 2819 1169 2888 locum
1184 2841 1297 2910 cepere
1306 2819 1411 2910 paulo
1426 2841 1529 2909 quum
1544 2818 1607 2886 ulii

330 2923 513 2994 editiorem.
530 2928 590 3020 (Cf.
605 2930 633 2996 l.
651 2930 704 3008 111,
722 2931 758 3008 23
775 2928 830 3008 63,
844 2931 882 3009 6;
899 2929 954 3009 85,
971 2930 1006 3008 t;
1030 2929 1085 3009 91,
1101 2930 1137 3009 3;
1155 2930 1223 2996 Cat.
1247 2929 1301 3008 t3‚
1317 2929 1364 3013 3),
1378 2927 1433 3014 qui
1452 2926 1603 3013 loquendi

331 3051 406 3101 usus
422 3035 507 3120 apud
533 3036 856 3102 biviumtritissimus
873 3035 958 3121 apud
978 3035 1162 3102 Ciceronem
1191 3035 1286 3121 plane
1312 3034 1410 3101 deest.
1440 3069 1485 3084 -
1511 3032 1606 3103 Alter

330 3160 402 3206 oum
420 3167 433 3201 ι
453 3150 586 3229 uterque
605 3169 616 3201 ι
635 3141 838 3228 conjunctum
853 3144 1046 3228 reciprocam
1059 3142 1246 3208 relationem
1261 3141 1421 3228 significat
1434 3143 1461 3208 J.
1477 3141 1531 3220 18,
1546 3141 1601 3220 ta,

331 3244 448 3314 deiende
466 3247 598 3336 utrique
617 3247 729 3315 ulteris
749 3248 833 3338 freti
851 3246 1022 3338 finitumos
1042 3247 1226 3316 1111111ααί
1243 3258 1333 3315 metu
1347 3245 1406 3314 sub
1427 3245 1604 3337 imperium

330 3375 429 3421 81111771
443 3375 586 3444 60119118.

772 3605 775 3610 ’
863 3603 992 3672 ctvuv
1015 3604 1067 3673 tv.

781 3821 820 3866 DE
842 3821 1056 3870 unvunntouttnt
1079 3823 1148 3870 USU.

956 3997 977 4060 Ι.

535 4157 575 4212 111
590 4156 731 4214 adverbiis
746 4157 978 4234 attribulivorum
994 4159 1199 4233 adjectivorum
1216 4159 1280 4216 loco
1294 4158 1406 4234 positis.

375 4315 500 4383 Livium
519 4326 550 4384 et
564 4317 706 4385 Tacitum
727 4330 849 4386 constat
864 4339 1002 4408 persaepe
1017 4323 1198 4390 Graecorum
1218 4319 1398 4388 imitatione
1418 4321 1603 4390 adverbium

331 4423 528 4490 substantivo
547 4437 578 4490 et
597 4424 751 4513 adjectivo
765 4427 812 4493 vel
842 4428 1022 4514 pronomini
1048 4428 1269 4514 interponeres
1291 4448 1363 4516 quae
1387 4437 1493 4495 lamen
1512 4437 1604 4496 cons-

331 4529 446 4596 tructio
467 4531 626 4616 prioribus
653 4533 868 4600 Romanorum
894 4535 1103 4621 scriptoribus
1128 4554 1191 4602 non
1216 4555 1346 4623 prorsus
1371 4535 1548 4622 ignoratur,
1573 4546 1604 4602 et

239 4697 251 4718 ,
332 4635 416 4721 apud
436 4638 626 4705 Sallustium
646 4640 810 4707 brevitatis
834 4661 929 4708 causa
945 4641 995 4708 his
1009 4643 1075 4710 lere
1104 4643 1181 4710 locis
1201 4642 1385 4710 invenitur:
1402 4645 1473 4730 lug.
1497 4643 1550 4722 711,
1567 4642 1600 4719 5,

364 4781 386 4828 1.
402 4776 451 4828 Hic
465 4777 609 4830 notandum
624 4785 664 4830 est
677 4781 794 4834 ullorum
805 4782 838 4832 ad
852 4797 955 4833 sensum
970 4799 1020 4833 non
1036 4783 1212 4834 necessarium
1225 4797 1292 4834 esee.
