3666 5724
719 431 892 510 ...ἸΠ-

167 567 273 645 Quum
292 566 377 632 enim
396 566 675 633 relativotantum
697 569 863 634 enuntiato
882 567 1035 635 delinitur
1052 568 1299 648 substantivum,
1316 587 1388 634 cnm
1404 588 1439 632 eo

168 675 357 758 plerumque
377 673 523 758 congruit
544 693 716 758 pronomen
744 667 914 740 relativum
939 696 947 738 :
971 675 1043 759 lug.
1067 676 1142 754 100,
1160 676 1192 740 5.
1223 671 1322 756 Ouml
1343 672 1443 738 multi

163 799 226 866 per
246 777 460 844 ambitionem
472 778 550 868 fieri
567 777 713 860 aiebant,
726 801 808 868 pars
821 801 843 844 a
854 778 1002 868 pueritia
1016 791 1206 846 eoresuetam
1229 778 1390 846 dirritiam
1409 791 1441 846 et

167 883 249 966 alia,
268 905 340 971 quae
354 883 453 952 ceteri
465 883 615 950 miserias
629 898 759 966 uacant,
776 885 941 974 uoluptati
949 884 1115 952 habuisse.

212 991 246 1056 Si
270 993 460 1058 attributum
478 1011 517 1056 en
536 992 639 1058 aliena
657 993 766 1078 lingua
782 993 984 1077 desumptum
1011 993 1063 1070 sit,
1082 1003 1148 1059 tum
1167 993 1304 1058 maxime
1321 1013 1439 1078 prono-

165 1119 240 1164 men
269 1118 341 1164 cum
367 1098 562 1183 praecedente
592 1099 789 1165 substantivo
818 1118 991 1185 congruere
1022 1099 1130 1166 docuit
1147 1100 1326 1185 Zumptius,
1352 1099 1439 1184 (Lat.

168 1205 320 1272 Gramm.
345 1205 470 1290 5372),
493 1205 599 1272 minus
620 1215 714 1284 recte,
731 1215 766 1271 ut
780 1205 918 1284 videtur,
935 1225 1007 1271 cum
1032 1206 1116 1292 apud
1138 1206 1265 1273 Celsum
1291 1206 1359 1271 sine
1376 1206 1442 1272 ullo

165 1312 351 1378 discrimine
368 1313 535 1397 utriusque
550 1313 792 1380 constructionis
811 1314 956 1398 exempla
971 1313 1144 1398 saepissime
1159 1324 1340 1392 occurrant,
1354 1314 1441 1378 mul-

166 1419 255 1504 tique
271 1419 327 1484 alii
353 1419 521 1504 scriptores
537 1419 667 1505 aliquod
690 1420 870 1505 exemplum
885 1431 994 1485 contra
1014 1420 1105 1485 illam
1133 1421 1274 1506 regulam
1294 1419 1439 1484 offerant.

166 1526 220 1592 Sic
239 1525 412 1592 Sallustius¹
433 1526 513 1598 Hist.
540 1547 587 1605 ιιι,
608 1527 651 1592 56
671 1550 679 1591 :
700 1525 848 1592 omnium
865 1523 1060 1613 (luminum,
1080 1547 1154 1614 qua
1178 1525 1212 1591 ia
1237 1523 1347 1592 maria
1375 1546 1442 1612 qua

165 1631 345 1720 imperium
369 1633 559 1699 Romanum
587 1644 645 1711 est,
672 1631 798 1721 stactem,
827 1653 926 1719 quam
948 1633 1055 1700 Greci
1079 1653 1126 1707 τὴν
1141 1652 1202 1702 εἵσω
1218 1615 1353 1702 attacoris
1380 1654 1442 1720 ap-

162 1736 305 1826 pellaret,
325 1737 513 1804 marimum
528 1760 593 1804 esse
606 1738 723 1806 Nilum
736 1739 936 1806 consentitur
957 1740 979 1804 ¹.

209 1846 246 1910 2⁰
266 1845 410 1912 Secundo
427 1847 494 1910 loco
513 1865 666 1931 ponemus
684 1848 829 1933 exempla
843 1845 961 1933 quibus
979 1865 1150 1932 pronomen
1167 1845 1233 1911 sive
1249 1846 1443 1912 demonstra·

167 1951 271 2018 tivum
288 1951 355 2017 sive
369 1952 537 2017 relativum
553 1953 593 2018 ad
605 1954 814 2038 praecedentia
828 1952 1026 2018 substantiva
1041 1954 1191 2030 refertur,
1203 1953 1256 2018 sed
1267 1973 1305 2018 ea
1321 1962 1443 2018 tantum

166 2078 243 2143 quae
263 2060 390 2124 nullam
410 2058 638 2144 interpretibus
653 2058 871 2128 difficultatem
887 2060 1063 2146 praebentes
1081 2059 1121 2125 ab
1136 2059 1283 2126 omnibus
1295 2059 1443 2124 similiter
1470 2051 1472 2058 ’

165 2167 341 2252 explanata
361 2176 446 2230 sunt.

150 2291 152 2296 ’
208 2293 245 2338 α.
280 2273 459 2338 Prouomen
482 2272 523 2338 ad
557 2273 619 2338 duo
651 2282 706 2338 aut
729 2274 823 2358 plura
843 2273 988 2339 leminiui
1011 2273 1136 2359 generis
1172 2272 1370 2339 substantive
1394 2292 1443 2337 re-

166 2379 295 2445 fertur:

207 2513 239 2549 α.
257 2485 326 2552 Cat.
356 2484 409 2563 10,
433 2483 576 2575 sslpitur
590 2483 706 2573 prima
730 2484 878 2572 pecunia
902 2483 1018 2552 deiude
1041 2483 1161 2574 imperi
1181 2482 1300 2574 cupido
1324 2482 1444 2566 creuit,·

168 2611 203 2656 ea
222 2590 324 2678 quasi
336 2590 490 2656 materies
510 2590 659 2656 ommium
677 2589 844 2656 malarum
857 2592 966 2679 fuere.

209 2698 284 2783 lug.
302 2699 356 2775 ll,
387 2695 489 2764 {lSed
502 2696 561 2763 ubi
579 2696 638 2762 illa
651 2696 798 2785 farmido
820 2697 984 2764 meatibus
1005 2695 1151 2777 decessit,
1171 2696 1294 2763 scilieet
1312 2717 1349 2762 ea
1370 2717 1443 2782 quae

170 2825 217 2868 res
231 2802 383 2870 secundae
402 2816 530 2880 amam,
555 2802 690 2869 lasciuia
710 2816 809 2892 atque
827 2803 982 2892 superbia
1007 2803 1174 2887 iaoasere;
1194 2804 1247 2869 ubi
1267 2804 1444 2870 notandum

170 2922 267 2976 estea
284 2911 329 2996 (et
349 2931 521 2996 pronomen
542 2912 711 2976 relativum
730 2911 815 2996 quod
839 2911 879 2978 ad
906 2933 945 2976 ca
973 2911 1123 2996 relertur)
1151 2931 1207 2996 per
1234 2910 1443 2978 inversionem

170 3018 207 3084 ad
227 3018 427 3084 substantiva
445 3019 610 3104 sequentia
624 3029 778 3104 spectare.

211 3125 285 3209 lug.
315 3124 369 3202 77,
398 3125 418 3190 2
444 3126 586 3209 Romam
607 3124 767 3190 misereat
798 3123 981 3189 amicitiam
1000 3123 1251 3210 societatemque
1274 3135 1440 3211 repetam.

169 3228 307 3310 Deinde,
321 3228 381 3295 ubi
394 3251 430 3296 ea
446 3230 636 3319 impetrata,
657 3253 784 3319 semper
797 3230 875 3296 boui
883 3228 1063 3320 fidelesque
1074 3251 1235 3296 mansere.

212 3335 244 3409 β.
267 3337 337 3402 Cat.
360 3338 392 3415 3,
412 3340 431 3402 lt
454 3340 543 3406 Nam
563 3359 626 3426 pro
648 3336 793 3427 pudore,
821 3357 888 3425 pro
915 3335 1125 3416 abstinentia,
1156 3357 1219 3424 pro
1252 3335 1444 3404 uirtuteau·

171 3441 281 3523 dacia,
302 3441 449 3531 larpiti0,
471 3443 616 3510 auaritia
635 3443 814 3532 aipebaut:
836 3465 907 3529 quae
935 3442 1067 3509 tametsi
1083 3442 1216 3508 animus
1243 3441 1445 3532 aspteraaba-

172 3561 237 3630 tur,
255 3561 315 3615 etc.

212 3658 283 3722 Cat.
299 3658 331 3733 5,
350 3657 368 3722 7
384 3656 588 3744 Apicatam
606 3656 714 3746 mapis
729 3656 900 3745 mapisque
919 3655 955 3721 ia
969 3654 1037 3722 dies
1056 3656 1187 3722 artimus
1204 3655 1303 3740 faex
1330 3654 1444 3743 iuopia

170 3761 218 3827 rei
227 3761 412 3849 familiaris
426 3776 457 3828 et
470 3764 667 3830 couscientia
679 3763 851 3844 scelerum,
869 3784 939 3849 quae
956 3774 1093 3850 utraque
1108 3761 1153 3828 eis
1164 3760 1291 3827 artibus
1302 3772 1446 3826 auxerat

171 3888 253 3953 quas
267 3890 370 3957 supra
389 3870 583 3936 memoravi.

213 3976 283 4040 Cat.
305 3977 360 4052 31,
392 3979 407 4042 l
430 3978 486 4042 Ea
499 3999 632 4044 summa
651 3975 766 4044 latitia
784 3988 884 4065 atque
908 3973 1058 4058 lasciuia,
1083 3996 1155 4061 quae
1172 3973 1333 4042 diuturna
1352 3974 1444 4061 quies

170 4095 358 4169 pepererat,
376 4095 507 4170 repente
522 4083 627 4150 amuis
646 4082 780 4150 tristitia
796 4083 928 4148 inuasit.

215 4189 285 4273 lug.
308 4189 363 4269 85,
399 4191 442 4256 30
456 4193 516 4256 Ha
534 4203 612 4256 suat
623 4211 702 4256 mea
721 4189 893 4277 imapiues,
910 4189 978 4256 haec
993 4187 1161 4269 nobilitas,
1177 4210 1244 4254 aaa
1263 4185 1445 4255 hereditate

174 4293 296 4364 relicta,
320 4309 357 4360 ut
373 4297 430 4362 illa
449 4295 527 4377 illis,
548 4295 606 4362 sed
616 4318 687 4383 quae
702 4318 761 4384 epa
775 4296 856 4362 meis
866 4294 1035 4384 plurumis
1055 4293 1224 4362 laboribus
1242 4307 1274 4361 et
1288 4292 1433 4383 pericul'

174 4400 320 4484 quaesiui,
340 4403 394 4468 uhi
411 4413 441 4468 et
459 4404 630 4469 relativum
644 4416 676 4469 et
690 4404 975 4470 demonstrativum
990 4423 1163 4488 pronomen
1188 4404 1227 4469 ad
1247 4400 1446 4468 substantiva

174 4504 333 4594 imapiues
343 4521 373 4574 et
385 4509 542 4576 stabilitas
556 4511 752 4588 reseruntur,
766 4511 848 4576 sicut
862 4521 892 4576 et
904 4511 1093 4575 attributum
1103 4508 1232 4590 relicta,
1244 4509 1330 4595 quod
1341 4508 1446 4594 ipsum

177 4616 316 4699 regulam
334 4637 431 4701 sopra
450 4618 585 4702 positam
605 4619 692 4702 (§1v,
710 4619 750 4702 A)
770 4619 926 4703 sequitur.
949 4617 1030 4683 Nota
1049 4616 1262 4683 anacoluthon
1282 4615 1405 4700 insigne
1434 4635 1442 4677 :

1322 4841 1337 4890 6

205 4757 228 4804 t.
245 4755 284 4806 Cl.
297 4757 485 4816 Badstuebner,
501 4774 526 4822 p.
542 4761 566 4819 6,
581 4768 634 4808 not.
749 4787 751 4792 .
