3576 5724
904 405 1098 464 -234—

364 549 468 634 priam
487 549 614 628 habere,
639 568 674 614 ar
698 548 724 614 si
750 567 812 614 non
840 548 922 614 idem
942 549 1080 614 omnino·
1097 547 1183 634 quod
1206 546 1306 614 etiam
1331 549 1451 629 valeat,
1474 558 1577 616 tamen
1600 549 1641 614 ad

363 656 459 742 hujus
473 655 616 721 adverbii
637 675 764 720 sensum
782 655 913 741 propius
926 655 1084 721 accedere.

405 765 453 854 Et
476 783 532 848 pro
560 783 635 827 cam
662 763 691 826 in
719 763 949 846 temporalibus
977 761 1156 828 enunciatis
1178 761 1263 846 apud
1290 761 1477 828 Sallustium
1498 761 1641 846 primum

362 869 524 936 inuenitur
537 871 609 956 lug.
627 869 682 946 97,
700 871 731 944 1,
746 868 849 956 r'pitur
862 867 964 934 simul
974 867 1090 934 cortsal
1101 890 1141 934 ea
1152 867 1264 934 maltis
1279 866 1318 933 dc
1330 867 1475 934 hostium
1491 866 1641 934 adveatu

360 975 523 1063 apposuit,
549 986 581 1040 et
595 975 661 1064 ipsi
680 974 786 1040 hostes
808 973 961 1054 celerarat,
979 986 1013 1040 ut
1029 975 1114 1062 apud.
1130 975 1321 1059 Vergilium,
1339 995 1374 1040 ao
1391 975 1569 1060 praesertim
1582 977 1640 1040 Ta·

359 1084 456 1150 citum
482 1095 512 1148 et
532 1083 720 1168 posteriores
742 1105 749 1146 :
777 1103 849 1167 quaa
874 1083 1066 1150 constructio
1088 1103 1125 1148 ex
1144 1083 1201 1148 lrac
1220 1082 1318 1160 altera
1336 1081 1412 1146 oriri
1430 1081 1557 1148 videtur
1572 1101 1639 1167 qua

360 1198 391 1252 et
406 1199 475 1272 post
487 1185 575 1254 ideae
591 1185 717 1274 (eodem
733 1199 878 1276 tempore
891 1223 936 1238 -
949 1188 993 1272 at)
1013 1188 1159 1272 ponitur3
1177 1188 1217 1252 cl.
1234 1187 1312 1252 Caes.
1338 1189 1366 1252 t.
1389 1207 1419 1272 g.
1439 1209 1460 1267 ι,
1479 1188 1534 1252 37.

404 1295 518 1361 Rarior
532 1306 579 1361 est
602 1296 685 1361 tertii
703 1297 748 1360 vel
771 1296 876 1381 quarti
897 1294 1028 1360 membri
1049 1315 1103 1380 per
1120 1294 1308 1380 particulam
1323 1304 1355 1360 et
1373 1293 1548 1378 adjunctio,
1573 1295 1635 1360 nisi

359 1401 689 1487 propriasignificatio
706 1401 854 1481 addolor,
869 1411 902 1492 pl
917 1401 990 1485 Jug.'
1004 1403 1058 1480 11,
1078 1402 1110 1468 11
1127 1401 1205 1486 (nie)
1221 1411 1385 1466 extorrem
1396 1400 1512 1488 patria
1524 1398 1635 1480 doma,

357 1509 488 1596 inopem
503 1519 535 1573 et
548 1519 737 1597 coopertam
761 1507 900 1574 miseriis
922 1507 1042 1598 efferam
1064 1510 1093 1573 J.
1115 1509 1169 1582 11,
1191 1509 1224 1586 9,
1249 1505 1417 1583 inuadere,
1434 1507 1590 1596 polluere
1605 1521 1638 1572 et

348 1603 488 1680 ¹uastare
514 1616 646 1692 oninia;
676 1625 815 1682 attamen
841 1616 890 1682 lris
911 1616 986 1682 locis
1002 1618 1040 1682 :l.
1063 1616 1118 1694 85,
1144 1616 1198 1692 11,
1214 1612 1381 1692 sudorem,
1405 1612 1579 1702 puluerem
1605 1628 1638 1680 et

357 1719 426 1786 alia
447 1720 530 1787 talia
544 1720 737 1808 relinquant
761 1721 872 1800 nobis;
887 1725 915 1788 J.
942 1723 998 1797 95,
1024 1723 1056 1800 3,
1076 1720 1267 1810 facundas„
1283 1718 1465 1787 callidaset
1483 1719 1637 1786 amicitia

356 1825 480 1910 facilis3
513 1829 588 1894 item
607 1831 686 1894 llist.
705 1851 727 1894 1.
756 1831 809 1906 10;
836 1851 859 1907 ι,
882 1831 935 1907 15,
953 1830 1013 1908 55;
1030 1850 1076 1909 ιιι,
1102 1829 1158 1908 82,
1182 1829 1244 1907 18;
1268 1849 1311 1907 ιι,
1339 1829 1394 1906 19,
1421 1829 1478 1904 16;
1511 1849 1555 1906 ιν,
1576 1828 1635 1905 51,

356 1935 438 1999 uilril
455 1936 518 1999 tale
534 1935 658 2000 admitti
679 1946 792 2021 potest.
809 1936 956 2002 Celerum
971 1957 1034 2024 pue
1050 1945 1124 2001 tunc
1139 1936 1257 2020 saepius
1272 1935 1421 2002 occurrit.

401 2041 447 2105 Et
462 2041 492 2106 in
515 2041 729 2128 polysyndetis
751 2043 890 2109 duorum
914 2044 1131 2110 membrorum
1154 2041 1299 2110 adhiberi
1320 2041 1422 2108 solere
1441 2050 1581 2122 constat3
1603 2053 1635 2108 et

243 2137 248 2146 ’
357 2147 441 2234 apud
456 2149 645 2216 Sallustium
660 2150 834 2236 saepissime
847 2149 890 2216 ita
905 2160 1096 2236 usurpatum
1108 2150 1270 2216 invenitur
1284 2172 1293 2214 :
1309 2149 1377 2214 Cat.
1397 2149 1428 2227 1,
1446 2149 1467 2214 6
1477 2172 1485 2228 ;
1503 2149 1582 2228 3,1;
1596 2150 1630 2226 5,
1673 2209 1686 2228 ,

357 2255 389 2334 1,
412 2265 490 2350 etc.;
511 2257 582 2341 lug.
598 2257 631 2335 3,
649 2257 685 2334 2;
704 2258 735 2334 1,
753 2257 790 2336 1;
814 2257 845 2334 7,
859 2257 891 2334 5,
909 2268 987 2336 etc.;
1002 2258 1083 2322 Hist.
1102 2279 1124 2335 ι,
1142 2257 1198 2334 15,
1214 2256 1272 2334 19,
1303 2276 1337 2334 ιι,
1354 2255 1409 2333 50,
1429 2255 1487 2334 11;
1509 2277 1556 2336 ιιι,
1573 2256 1629 2334 77,

354 2362 386 2426 5.
396 2399 438 2410 —-
455 2363 536 2443 Oete,
546 2363 669 2447 quodin
681 2363 739 2429 hac
750 2364 982 2430 constructione
997 2385 1015 2429 a.
1027 2363 1138 2448 priscis
1149 2362 1331 2428 auctoribus
1343 2371 1468 2428 tantum
1482 2370 1513 2427 et
1530 2363 1631 2448 poetis

354 2469 503 2554 usurpari
524 2470 615 2548 solet,
642 2469 728 2556 apud
747 2471 896 2536 Nostrum
926 2470 1002 2536 satis
1026 2471 1222 2556 'frequenter
1252 2468 1401 2546 occurrit,
1427 2468 1482 2536 sed
1506 2487 1631 2554 semper

353 2594 425 2640 cum
442 2578 629 2662 pronomine
656 2578 859 2663 (plerumque
876 2577 1051 2662 personali)
1072 2577 1103 2643 in
1128 2575 1228 2661 priori
1245 2575 1388 2644 membro
1416 2598 1423 2640 :
1445 2576 1514 2642 Cat.
1542 2577 1576 2653 9,
1594 2579 1626 2656 9,

351 2703 450 2768 seque
463 2681 775 2770 remqaepabliaom
792 2681 970 2764 00006001,
994 2683 1047 2766 (01.
1070 2685 1103 2749 C.
1122 2685 1177 2760 36,
1197 2685 1232 2762 1;
1253 2685 1280 2748 1.
1305 2683 1359 2759 10,
1381 2684 1419 2761 2;
1443 2684 1496 2756 79,
1515 2683 1554 2760 9;
1571 2671 1627 2758 85,

352 2790 429 2874 36);
447 2792 518 2875 lug.
535 2791 590 2869 85,
608 2791 663 2868 06,
687 2810 762 2854 eam
786 2809 902 2876 meque
921 2809 1041 2876 uosque
1055 2787 1143 2854 male
1156 2787 1251 2856 dictis
1271 2787 1432 2866 lacerarem
1453 2790 1506 2875 (01.
1525 2791 1553 2855 1.
1572 2791 1628 2869 91,

352 2897 371 2960 1
381 2920 389 2976 ;
408 2896 463 2974 85,
482 2897 542 2974 17;
560 2898 634 2974 110,
652 2896 705 2982 8);
722 2899 795 2983 lug.
815 2897 890 2973 100,
903 2897 935 2975 5,
951 2895 1073 2984 illoque
1088 2895 1227 2984 aliisque
1243 2894 1456 2984 tenporibus.
1473 2895 1537 2946 ¹—
1551 2897 1628 2962 llam

351 3013 422 3088 post
437 3022 536 3068 unum
557 3023 731 3088 pronomen
757 3004 787 3069 in
805 3004 970 3088 posteriori
990 3003 1128 3070 membro
1147 3026 1154 3068 :
1172 3004 1241 3069 Cat.
1260 3002 1313 3081 95,
1332 3003 1364 3080 3,
1384 3000 1443 3070 sad
1453 2999 1545 3090 quod
1557 3023 1628 3068 non

349 3106 466 3196 (liquos
490 3108 638 3174 domines
663 3107 786 3174 donoro
810 3109 996 3175 honestatos
1016 3107 1181 3189 videbam,
1198 3127 1315 3196 meqrte
1326 3106 1419 3196 falsa
1437 3107 1629 3198 suspicione

349 3213 532 3280 alienatum
546 3237 612 3282 esse
626 3213 823 3295 sentiebam3
840 3217 879 3282 ci.
896 3218 924 3281 J.
943 3217 997 3292 25,
1012 3217 1048 3295 5;
1062 3217 1097 3282 C.
1115 3217 1171 3296 at,
1188 3217 1207 3280 1
1218 3241 1226 3294 ;
1246 3216 1299 3293 13,
1318 3215 1358 3292 3;
1375 3215 1430 3292 60,
1450 3216 1547 3295 73-
1561 3216 1627 3282 duo

304 3375 311 3389 .
348 3322 540 3408 pronomina
554 3333 628 3389 sunt
643 3325 711 3390 Cat.
730 3324 785 3401 58,
809 3325 841 3402 1,
862 3333 1025 3409 qrraatam
1047 3323 1104 3408 ipsi
1124 3323 1279 3410 uobisque
1309 3319 1437 3390 cladem
1458 3321 1623 3388 attulerit.

393 3430 426 3494 2⁰
449 3430 530 3510 Qae.

393 3535 566 3601 Sallustius
590 3536 712 3620 primus
741 3555 808 3602 esse
835 3535 963 3602 videtur
982 3537 1035 3621 qui
1058 3556 1121 3623 que
1150 3534 1341 3621 particulam
1371 3555 1443 3620 cum
1473 3535 1625 3621 praeposi-

349 3640 433 3706 tione
458 3640 611 3725 junxerit,
630 3641 683 3707 ubi
701 3642 777 3726 ¹jam
807 3662 870 3708 uon
899 3661 1046 3728 expressa
1071 3642 1113 3708 sit
1136 3641 1246 3708 eadem
1278 3641 1473 3726 praepositio‚
1497 3653 1531 3708 ut
1550 3643 1621 3710 Cat.

346 3749 379 3822 6,
399 3749 433 3825 1,.
446 3747 592 3814 habuere
615 3746 710 3813 irritio
735 3751 762 3812 T
759 3748 874 3836 rojam'
898 3769 1037 3836 eamque
1055 3747 1101 3814 eis
1115 3747 1319 3836 adoripr‘aem
1338 3749 1392 3827 18,
1414 3750 1447 3828 5,
1464 3745 1570 3835 aeque
1584 3770 1624 3814 ea

345 3875 380 3919 ra
398 3853 576 3943 postulant
599 3854 650 3920 ati
675 3853 860 3940 rescratum
894 3857 985 3942 cujus
1010 3855 1254 3922 constructionis
1280 3857 1385 3922 Caesar
1409 3855 1471 3920 tria
1496 3865 1623 3922 tautum

344 3961 490 4047 exempla
505 3960 621 4027 habere
637 3959 777 4036 videtur,
793 3961 902 4026 Livius
914 3973 1027 4028 veroet
1038 3962 1305 4048 posterioreseam
1319 3961 1435 4048 saepius
1453 3961 1618 4028 adhibent.

342 4069 461 4134 -Post
476 4087 538 4154 per
552 4065 600 4133 bis
613 4068 794 4152 repetitum,
807 4069 877 4152 lug.
897 4069 951 4146 58,
967 4065 1621 4156 5,]00000101110000000000000611-
1652 4059 1656 4066 ¹

344 4195 416 4240 cam
437 4172 586 4249 obsecrat
595 4175 645 4256 ,·1.
658 4175 712 4252 71,
729 4175 761 4251 5,
766 4194 829 4262 per
848 4173 1164 4262 amicitiamperque
1178 4197 1240 4240 saa
1256 4187 1355 4240 cretea
1366 4172 1510 4264 fideliter
1529 4185 1616 4246 acta.

390 4282 461 4360 Qua
480 4283 513 4346 in
531 4279 677 4346 formulis
699 4280 762 4346 duo
777 4281 976 4346 substantiva
989 4278 1095 4366 jungit
1110 4291 1145 4347 ut
1164 4280 1257 4346 oneri
1274 4281 1478 4367 miseriaque
1494 4283 1544 4364 (C.
1567 4280 1618 4357 10,

343 4387 395 4473 2);
421 4388 460 4452 ci.
483 4385 577 4452 uobis
590 4386 739 4474 scarpati
756 4387 912 4476 onerique
927 4373 978 4472 (ll.
997 4409 1043 4465 ιιι,
1067 4387 1098 4468 1,
1120 4387 1176 4471 9);
1203 4408 1322 4452 nomen
1338 4386 1548 4474 plumamque
1574 4388 1615 4473 (1.

344 4494 397 4570 18,
418 4495 490 4580 10);
506 4505 639 4560 sanatas
660 4492 873 4582 populusque
890 4496 1060 4560 Romanius
1087 4495 1201 4580 (19.1,
1220 4497 1264 4578 1),
1286 4495 1378 4580 cujus
1393 4493 1478 4579 apud
1495 4495 1620 4560 Sallus-

344 4601 422 4667 tium
449 4600 521 4666 duae
542 4601 643 4666 multo
664 4601 801 4665 rariores
821 4601 892 4666 alim
917 4601 1025 4666 lcrmae
1045 4611 1217 4668 occurrunt
1238 4624 1245 4665 ι
1265 4612 1399 4666 senatus
1423 4611 1454 4665 et
1471 4599 1618 4689 populus

375 4762 396 4807 l.
413 4757 500 4805 livius
512 4757 562 4804 duo
576 4756 687 4804 relativa
705 4757 838 4805 eutrociata
854 4771 899 4820 per
912 4769 964 4820 qtae
979 4757 1019 4805 bis
1034 4757 1171 4821 repetitum
1185 4756 1294 4820 jungere
1309 4757 1382 4806 solet.
1395 4757 1538 4820 (Droeger.)
