3576 5724
916 465 1111 522 -ala—

367 613 451 677 inter
466 610 625 697 loquentis
639 611 875 694 cogitationem,
892 625 922 675 et
938 611 1042 694 ipsum
1059 608 1141 674 illud
1159 609 1243 694 quod
1263 610 1430 695 participio
1444 608 1635 674 declaratum

367 729 453 795 erat;
475 718 548 782 item
567 716 751 803 temporalis
772 737 882 793 nesus,
905 735 968 801 quo
983 715 1140 781 sententia
1158 715 1290 780 relativa
1310 736 1381 781 cum
1402 716 1556 799 primaria
1572 736 1634 780 seu-

369 825 467 890 tentia
481 823 698 910 conjungitur,
718 835 862 890 accurate
878 821 1077 896 denotandus
1093 833 1149 886 est.
1168 823 1206 887 Et
1221 821 1362 906 quidem,
1380 832 1415 887 ut
1429 822 1579 900 diximus,
1593 843 1636 888 re·

369 931 503 996 lativum
518 930 724 996 enunciatum
751 949 875 1014 semper
890 928 1034 994 adhiberi
1056 939 1169 1014 potest,
1194 928 1260 994 sive
1281 929 1454 1014 singularis
1476 928 1558 994 actio
1576 928 1635 994 sive

367 1037 571 1103 continuatus
591 1045 691 1103 status
715 1035 915 1101 denotandus
940 1045 1004 1112 est;
1029 1035 1232 1121 participium
1254 1045 1360 1102 autem
1376 1035 1524 1122 adjectivi
1544 1035 1573 1100 vi
1591 1055 1637 1121 po·

367 1144 463 1210 situm
479 1163 541 1210 non
557 1143 618 1209 nisi
635 1144 677 1209 ita
694 1142 838 1208 adbiberi
856 1152 969 1229 polest,
985 1151 1021 1208 ut
1034 1153 1230 1208 constantem
1246 1151 1362 1208 statum
1374 1142 1542 1230 significet,
1560 1142 1637 1208 unde

368 1250 403 1314 stt
419 1260 453 1315 ut
472 1269 534 1314 nun
551 1270 675 1335 semper
695 1269 750 1333 pro
767 1249 908 1314 relativis
924 1248 1102 1324 enunciatis
1120 1249 1193 1333 poni
1211 1251 1317 1334 possit.

414 1357 445 1421 l⁰
471 1356 528 1423 Ubi
558 1375 730 1442 pronomen
762 1356 932 1420 relativum
961 1367 1075 1440 praeter
1108 1354 1390 1421 demonstrativam
1418 1357 1479 1421 vim
1514 1355 1639 1421 adciscit

368 1463 614 1529 conditionalem
637 1462 915 1544 significationem,
938 1463 982 1526 ita
1011 1471 1046 1526 ut
1067 1481 1176 1527 omnes
1196 1483 1257 1538 res,
1279 1483 1350 1547 quse
1375 1462 1493 1528 cadunt
1520 1463 1550 1526 in
1574 1481 1639 1527 cer-

369 1582 432 1634 tam
450 1570 599 1655 speciem,
621 1569 823 1645 denotentur,
846 1567 1052 1634 enunciaturn
1074 1569 1242 1634 relativum
1263 1569 1480 1634 adhibendum
1504 1578 1579 1634 est:
1605 1578 1640 1632 dr

368 1697 414 1760 gr.
432 1676 501 1741 (lat.
521 1677 551 1754 1,
570 1676 600 1752 1,
618 1673 724 1739 omisis
738 1673 899 1752 domines,
916 1675 971 1759 qui
987 1695 1054 1740 sese
1071 1675 1198 1741 student
1209 1685 1370 1763 praestare
1388 1673 1501 1739 ceteris
1516 1673 1640 1738 coisno-

370 1781 468 1862 lt‘dus,
485 1802 616 1847 summo
631 1802 691 1870 ope
709 1779 774 1846 leiti
793 1779 896 1858 decet,
919 1782 971 1846 ubi
993 1782 1149 1846 sententia
1166 1781 1298 1847 relativa
1317 1782 1396 1846 nibil
1418 1780 1478 1847 sibi
1496 1783 1564 1848 vult
1583 1783 1642 1846 nisi
1699 1861 1701 1867 A

369 1899 402 1954 ut
417 1908 530 1954 nomen
555 1889 658 1972 ipsum
678 1888 726 1952 cui
744 1887 890 1972 apposita
905 1897 952 1953 est
967 1898 1112 1980 accurate
1125 1900 1155 1952 et
1171 1888 1317 1952 distincte
1339 1886 1526 1966 deliniatur,
1550 1888 1595 1952 itu
1611 1897 1643 1952 ut

370 2005 464 2061 certae
484 1995 597 2080 speciei
623 1994 708 2060 notio
732 1994 867 2059 oriatur.
890 1996 922 2060 Si
942 1992 1146 2078 participium
1160 1994 1346 2060 adhibemus
1364 1991 1570 2075 (studentes),
1584 1994 1642 2060 du·

371 2104 441 2188 pler
468 2101 688 2187 interpretatio
712 2103 814 2166 locum
832 2101 947 2166 babere
972 2109 1097 2185 potest:
1120 2101 1145 2166 si
1171 2099 1359 2185 adjectivum
1379 2120 1446 2166 esse
1461 2086 1641 2178 str‘tuimus,

370 2209 514 2274 eamdem
541 2208 605 2272 rim
629 2207 656 2272 ei
678 2209 818 2272 tribuere
843 2207 993 2272 debemus
1018 2217 1112 2292 atque
1136 2207 1300 2272 sententian
1324 2208 1482 2284 relativam
1503 2208 1554 2273 sin
1570 2227 1641 2272 vero

371 2315 576 2400 participium
600 2333 656 2397 pro
678 2312 830 2400 adjectivo
853 2334 915 2378 non
937 2315 1101 2390 babemus,
1129 2313 1278 2378 debemus
1301 2314 1404 2379 locum
1428 2315 1522 2380 aliter
1546 2315 1643 2380 iuter-

372 2421 501 2506 pretari.
519 2421 597 2485 Nam
611 2421 828 2504 participium,
846 2421 931 2504 quod
947 2420 1110 2505 proprium
1125 2419 1212 2485 verbi
1230 2420 1291 2484 vim
1306 2421 1433 2497 retinet,
1451 2440 1515 2485 uon
1531 2441 1643 2486 nomen

373 2527 478 2612 ipsum
495 2530 595 2592 artius
613 2526 737 2606 desinit,
756 2527 808 2592 sod
833 2528 973 2592 continet
989 2538 1087 2592 totum
1102 2546 1230 2603 nomen,
1248 2526 1277 2590 id
1300 2539 1347 2592 est
1361 2547 1470 2593 omnes
1488 2528 1641 2592 bomines.

371 2635 481 2718 ltaque
502 2652 564 2697 non
591 2634 726 2698 alterum
746 2654 844 2719 genus
866 2635 1029 2699 bominum
1045 2633 1137 2698 alteri
1157 2633 1342 2717 opponitur,
1359 2632 1414 2698 sed
1433 2633 1568 2700 deumni
1589 2653 1642 2720 ge-

372 2757 447 2804 nere
468 2739 634 2804 bominum
657 2740 777 2824 pariter
801 2740 923 2824 agitur,
949 2739 981 2805 in
1010 2759 1118 2818 ornnes
1139 2739 1281 2805 homiues
1300 2740 1419 2824 pariter
1437 2740 1535 2819 cadit,
1559 2739 1642 2826 quod

372 2845 467 2910 verbo
488 2843 579 2910 finito
595 2845 797 2924 enunciatur‚
819 2856 958 2912 attamen
972 2866 1009 2912 ea
1022 2843 1206 2912 conditione
1222 2856 1256 2912 ut
1272 2846 1421 2912 studeant
1437 2847 1458 2912 ¹.

415 2953 484 3018 Jam
499 2972 573 3018 vero
589 2952 731 3035 singulas
751 2955 983 3020 sententiarum
1003 2953 1210 3020 relativarum
1226 2955 1344 3039 species
1364 2975 1435 3040 quae
1456 2954 1517 3020 buc
1547 2956 1643 3041 perti-

372 3067 450 3124 nent
465 3078 706 3144 persequamur.
724 3060 868 3125 Primum
888 3070 998 3125 notum
1021 3070 1068 3124 est
1088 3060 1258 3146 participia
1277 3058 1395 3140 dictus,
1415 3071 1562 3142 uocatus,
1584 3081 1643 3126 me·

371 3175 531 3244 lucratus,
549 3163 589 3229 ad
600 3164 811 3230 denotandam
822 3177 938 3232 certam
953 3186 1018 3231 rem
1030 3168 1076 3231 vel
1094 3185 1261 3253 personam
1272 3185 1341 3233 curn
1354 3167 1513 3234 adverbiis
1527 3189 1642 3257 sopra,

372 3272 478 3359 ivrsro,
500 3271 557 3352 sic,
576 3272 750 3348 similibus,
781 3292 842 3337 non
865 3293 953 3357 posse
971 3272 1133 3360 conjungi,
1152 3274 1205 3340 ubi
1225 3273 1514 3342 araciunculam
1549 3295 1644 3360 prone·

372 3389 456 3458 rent,
473 3379 527 3444 sed
538 3379 618 3444 banc
629 3379 782 3444 orationis
794 3380 929 3446 sormam
945 3380 1089 3447 adbiberi
1106 3403 1113 3447 :
1130 3402 1229 3468 quem
1248 3382 1295 3447 vel
1310 3379 1350 3446 de
1365 3403 1429 3469 quo
1442 3403 1546 3471 supra
1561 3379 1641 3460 dici,

372 3487 423 3550 vel
444 3485 646 3567 memorooi3
664 3495 695 3550 et
707 3489 751 3551 sic
771 3486 901 3572 quidem
917 3487 1002 3572 apud
1014 3487 1217 3565 Sallustium,
1233 3508 1282 3552 ex.
1300 3509 1347 3572 gr.
1365 3489 1434 3554 Cat.
1457 3490 1490 3568 5,
1505 3491 1538 3565 7,
1554 3501 1644 3554 utru-

373 3613 436 3680 que
449 3589 501 3657 bis
517 3591 644 3657 ortr'dus
659 3581 813 3670 coemerat,
825 3615 909 3681 quas
921 3613 1024 3681 supro
1035 3593 1218 3658 memoravi
1226 3619 1234 3674 ;
1249 3595 1318 3660 Cat.
1330 3595 1384 3672 26,
1399 3595 1432 3660 3.
1448 3596 1487 3676 Q.
1511 3595 1642 3676 Cetrius,

373 3695 413 3762 de
433 3719 498 3784 quo
508 3697 624 3786 poulo·
636 3710 713 3765 crate
727 3698 911 3766 memoravi
920 3723 928 3777 3
951 3701 990 3765 cl.
1009 3701 1077 3766 Cat.
1100 3700 1155 3777 ab,
1169 3701 1199 3779 l;
1216 3702 1270 3777 57,
1285 3702 1316 3779 l;
1331 3703 1400 3786 lug.
1414 3703 1469 3778 25,
1482 3710 1513 3778 t;
1525 3704 1579 3782 28,
1591 3704 1642 3769 t‘.

418 3805 540 3871 Deinde
560 3831 571 3864 ‹
589 3806 746 3871 sententia
757 3806 1030 3886 relativaomnino
1044 3805 1224 3872 adhibenda
1236 3816 1294 3885 est,
1308 3807 1361 3872 ubi
1375 3807 1414 3872 ad
1427 3809 1642 3895 participium,

375 3912 399 3976 sl
423 3922 606 3996 poneretur,
628 3912 785 3978 ablativus
805 3933 948 3997 personae
970 3913 1104 3999 alicujus
1118 3933 1191 3978 cum
1211 3914 1435 3998 praepositione
1454 3936 1475 3980 a
1494 3917 1644 4003 conjunc·

375 4027 426 4084 tus
442 4018 604 4084 accederet
621 4039 746 4085 necesse
759 4031 849 4085 esset.
875 4021 951 4085 llam
970 4019 1077 4086 addito
1094 4019 1222 4106 proprio
1241 4030 1272 4086 et
1287 4022 1427 4086 naturali
1459 4022 1646 4106 subjectos

375 4145 437 4210 que
453 4125 546 4203 actio,
563 4125 654 4211 cujus
669 4127 797 4192 effectus
813 4125 981 4212 participio
997 4125 1169 4204 indicatur,
1185 4125 1320 4203 ellluxit,
1338 4127 1485 4213 specialis
1504 4129 1646 4195 redditur

376 4232 537 4317 participii
557 4252 666 4312 causa,
694 4234 736 4298 ita
752 4245 863 4298 utnon
881 4232 941 4297 nisi
961 4244 1078 4299 certam
1095 4253 1161 4298 rem
1176 4232 1354 4318 significare
1376 4235 1485 4319 possit,
1509 4235 1541 4300 id
1561 4235 1644 4322 quod

376 4337 525 4404 abhorret
541 4360 558 4403 a
574 4338 702 4424 propria
722 4338 789 4424 ejus
805 4340 835 4404 vi
857 4360 892 4404 ac
911 4349 1039 4417 natura,
1059 4349 1092 4404 ut
1106 4341 1176 4426 Jug.
1201 4341 1234 4417 5,
1266 4342 1295 4409 l.
1318 4339 1439 4406 bellum
1463 4341 1646 4430 scripturus

375 4464 462 4524 sum,
480 4443 569 4530 qttocl
574 4444 896 4534 popellusllomcnus
911 4467 985 4511 cum
993 4445 1161 4534 Jupvtrllro
1173 4468 1247 4535 repe
1255 4445 1481 4517 Numidarum
1488 4448 1614 4537 pessit⁸.
1632 4477 1641 4508 ι

406 4642 429 4688 l.
448 4637 521 4701 Libe,
537 4639 566 4701 (l.
582 4639 600 4692 1.
612 4655 637 4703 p.
651 4639 709 4697 6-1),
723 4655 799 4703 quem
813 4640 866 4691 fere
879 4639 1031 4690 adverbum
1046 4640 1228 4705 expressimus.

406 4721 430 4769 2.
444 4718 519 4779 Lilia,
533 4735 561 4783 p.
581 4721 619 4769 tt.

406 4802 432 4850 a,
450 4798 523 4857 bitte,
543 4816 568 4865 p.
583 4803 619 4849 m.
