3666 5724
752 437 928 500 ...77-

202 585 291 652 velit.
311 587 371 669 (07.
390 587 457 654 077.
481 589 537 666 77,
554 588 573 654 3
585 590 677 672 ;777,.
692 589 746 666 70,
762 589 803 669 7;
821 588 874 665 77,
895 588 930 668 7;
948 587 1003 665 87,
1022 589 1075 665 70,
1089 605 1161 654 cum
1179 589 1247 654 Cet.
1267 590 1321 666 57,
1335 589 1397 672 76;
1415 591 1470 669 53,

201 694 244 773 6;
265 695 336 779 lug.
355 695 408 772 77,
431 696 472 774 7;
491 696 545 772 77,
562 695 601 772 7;
628 695 682 772 73,
711 696 754 778 7).
773 730 819 744 -
844 693 1027 762 Vocaeucuu
1055 715 1111 780 pro
1130 695 1257 762 nomine
1277 695 1359 762 Hist.
1380 718 1414 776 n,
1438 700 1470 776 7,

202 821 244 864 ec
262 821 322 866 suo
346 799 504 867 uocabulo
528 799 643 868 insulse
666 822 785 868 777777
805 799 894 867 dedit
911 827 919 883 ;
934 802 986 883 (77.
1009 803 1080 868 Tac.
1103 802 1186 868 Anu.
1218 804 1270 881 77,
1293 803 1334 869 77
1358 813 1390 870 77
1405 804 1469 885 66;

202 907 257 986 73,
278 908 343 992 77).
1385 921 1391 927 ’7

247 1022 281 1079 2⁰
299 1015 384 1081 Inter
399 1015 590 1081 archaismos
605 1035 683 1101 quos
696 1036 732 1082 77
749 1016 961 1082 nominavere
976 1015 1087 1102 dignos
1102 1015 1261 1082 existimat
1278 1017 1470 1096 Schultzius,

200 1119 268 1186 7777
283 1122 480 1188 substantiva
498 1123 689 1204 notavimus,
705 1123 808 1190 77777
824 1124 891 1190 7777
908 1123 1144 1202 transtulimus,
1168 1133 1328 1189 contracta
1348 1133 1472 1190 tantum

201 1228 311 1314 paucis
330 1229 459 1294 7777777
478 1241 599 1294 mutata
614 1230 770 1296 materia:
790 1251 850 1296 777
865 1251 957 1294 777777
973 1229 1089 1295 777777
1106 1231 1188 1315 (lug.
1212 1231 1266 1305 ll,
1282 1231 1328 1314 8);
1346 1232 1472 1296 volvere

200 1336 284 1420 (lug.
303 1335 335 1410 6,
357 1329 491 1414 77708,
510 1337 541 1408 3;
559 1337 599 1402 77.
617 1337 684 1402 077.
702 1337 756 1414 37,
774 1336 944 1422 77777777
971 1347 1118 1422 77777777
1139 1338 1221 1422 (lug.
1246 1337 1300 1416 73,
1314 1339 1349 1414 7;
1363 1339 1418 1417 70,
1431 1339 1468 1410 ὃς

198 1441 254 1518 85,
279 1443 346 1526 70);
365 1443 489 1508 trahere
506 1445 587 1529 (lug.
606 1442 661 1522 93,
681 1445 725 1528 7);
743 1443 868 1509 animus
884 1454 988 1510 eutem
1005 1444 1036 1509 77
1052 1445 1100 1508 777
1116 1443 1206 1530 quasi
1224 1445 1322 1508 attera
1337 1463 1472 1529 persona
1551 1479 1555 1487 ·

198 1549 372 1632 cogitatum
389 1548 572 1636 HerzoginS,
595 1549 634 1614 ad
649 1551 718 1635 lug.
738 1551 770 1624 6,
788 1551 820 1627 7,
839 1551 919 1616 7777
934 1549 1199 1616 constructionem
1216 1549 1254 1614 77
1265 1551 1386 1616 7777777
1405 1571 1472 1636 per-

199 1653 301 1720 tinere
325 1654 415 1721 docet
441 1656 495 1740 qui
529 1666 674 1722 concreta
701 1656 866 1722 abstractis
895 1657 1081 1742 7777777777;
1110 1655 1319 1722 Deltoorius¹
1344 1676 1419 1723 vero
1441 1666 1472 1722 et

144 1743 149 1754 ⁸
197 1761 378 1828 Brucnnert
394 1761 404 1796 ²
421 1763 549 1828 0777777
564 1763 774 1828 imitationem
790 1763 840 1828 hic
856 1763 973 1828 vident.
995 1763 1041 1828 07.
1060 1763 1209 1828 Catonem
1222 1761 1351 1828 Jordani
1365 1784 1396 1850 p.
1414 1762 1468 1840 38,

200 1869 242 1934 70
256 1869 402 1956 ospitare
416 1890 491 1934 cum
507 1869 642 1950 attimis3
661 1869 855 1947 Terentium,
872 1869 1017 1957 copitcre
1032 1890 1106 1934 cum
1120 1868 1244 1948 ccciccc,
1262 1883 1293 1934 ct
1306 1870 1468 1943 Plautum,
1569 1907 1571 1910 ·

197 1973 328 2060 opilare
344 1995 417 2040 cum
433 1975 556 2042 animo.
576 1978 683 2043 Cicero
700 1987 804 2042 autem
820 1995 944 2060 semper
963 1974 1075 2040 ultimo
1100 1985 1155 2041 aut
1169 1975 1210 2039 'in
1230 1974 1342 2040 ultimo
1362 1975 1468 2042 77777.

182 2085 240 2130 “-
252 2102 364 2148 7777777
379 2103 524 2161 7777777,
537 2085 607 2169 lug.
632 2084 708 2161 707,
725 2083 743 2149 7
754 2107 762 2162 ;
778 2083 831 2170 (77.
845 2082 1001 2148 Ruhnken
1018 2082 1057 2148 ad
1072 2084 1142 2149 Ter.
1161 2083 1271 2168 Hecyr.
1291 2084 1343 2162 777,
1360 2085 1391 2157 5,
1409 2083 1469 2161 573

195 2189 302 2254 Plaut.
320 2190 413 2256 Trnc.
432 2211 467 2267 77,
484 2191 516 2268 8,
539 2189 595 2268 70;
617 2191 717 2257 Lucil.
737 2211 788 2275 77.
805 2191 885 2255 Νο7.
905 2210 935 2276 7.
961 2189 1037 2254 786.
1060 2190 1096 2266 6;
1119 2190 1313 2254 Dietscltium
1335 2189 1373 2253 77
1397 2191 1467 2275 lug.

198 2296 275 2373 707,
293 2297 337 2380 7).
357 2318 623 2376 -7777777777,
641 2317 697 2382 777
713 2297 961 2374 7777077077.
980 2297 1013 2374 8,
1039 2298 1076 2374 77;
1104 2298 1175 2383 lug.
1200 2296 1255 2375 83,
1282 2297 1319 2372 5;
1343 2297 1422 2360 Hist.
1445 2318 1468 2372 7,

196 2403 252 2478 57,
271 2404 333 2467 777
352 2403 383 2468 6.
407 2405 509 2482 Quam
524 2403 788 2490 significationem
804 2423 866 2468 777
880 2405 982 2468 solum
997 2405 1087 2483 0777,
1108 2403 1207 2490 (7777.
1235 2423 1265 2489 p.
1280 2403 1335 2483 37,
1353 2409 1388 2478 3;
1413 2404 1467 2480 38,

200 2509 254 2584 77;
277 2509 333 2588 69,
354 2510 425 2592 73),
443 2511 496 2576 777
515 2511 609 2577 777777
622 2511 756 2589 Ennius,
780 2509 880 2597 (7777
896 2510 958 2576 077.
978 2509 1016 2576 de
1032 2511 1084 2576 oll.
1104 2531 1137 2589 77,
1156 2511 1210 2590 67,
1235 2511 1302 2597 78),
1320 2519 1350 2576 77
1369 2511 1469 2577 Plau-

197 2625 246 2680 tus
261 2616 443 2702 frequenter
462 2617 688 2684 adhibuerunt.
706 2619 752 2684 Ex
771 2617 925 2683 Sallustio
945 2629 1050 2684 nutem
1069 2619 1195 2683 nullum
1217 2617 1281 2686 fere
1301 2625 1347 2682 est
1370 2637 1456 2682 exem

195 2723 285 2808 plum
302 2723 333 2788 77
349 2743 413 2808 quo
428 2745 538 2790 sensus
554 2725 697 2791 benelicii
719 2726 813 2810 77777
830 2734 948 2810 777777,
967 2724 1115 2810 quodque
1136 2745 1199 2788 non
1220 2724 1355 2809 intelligi
1370 2725 1469 2808 possit
1521 2757 1525 2764 ·

194 2840 280 2894 recte
292 2829 460 2918 factorum
476 2831 718 2916 significatione.
736 2867 781 2882 -
794 2821 966 2898 consucron
980 2833 1050 2916 lug.
1070 2833 1124 2908 67,
1147 2829 1230 2895 {lito
1250 2828 1403 2918 cupidine
1417 2841 1470 2896 ut-

194 2950 260 3022 que
281 2935 333 3002 irc
348 2937 503 3026 pessimis
531 2936 770 3004 consultoribus
796 2937 959 3026 pressuri3
986 2939 1041 3013 87,
1068 2939 1126 3016 77;
1157 2937 1231 3016 703,
1253 2939 1290 3017 7;
1313 2937 1392 3003 Hist.
1419 2958 1466 3017 77,

193 3043 250 3122 87,
270 3044 327 3122 75;
342 3046 381 3110 Η.
400 3065 421 3123 7,
438 3046 493 3120 57,
512 3047 547 3122 7;
570 3047 633 3112 inc.
663 3047 723 3125 573
755 3063 817 3111 non
838 3065 895 3130 pro
915 3064 951 3110 77
967 3045 1020 3132 qui
1046 3045 1179 3110 consilia
1205 3045 1295 3131 petit,
1324 3055 1359 3110 ut
1383 3045 1468 3130 apud

193 3150 272 3228 Cic,
292 3151 331 3235 (7.
350 3152 418 3218 har.
432 3153 466 3231 9,
483 3153 541 3233 77;
563 3153 653 3218 Balb.
673 3153 727 3229 70,
746 3153 807 3233 77;
825 3154 916 3219 Tusc.
942 3153 975 3230 5,
1000 3153 1054 3228 78,
1078 3153 1167 3238 777),
1195 3151 1248 3216 777
1269 3172 1326 3236 777
1350 3171 1386 3217 77
1410 3151 1463 3237 qui

191 3257 327 3322 consilia
341 3257 407 3336 dat,
424 3270 455 3324 et
467 3259 538 3324 aliis
553 3260 714 3340 consulit3
734 3259 786 3346 (77.
805 3259 897 3326 Varr.
916 3259 951 3336 3,
966 3260 998 3331 7,
1016 3260 1046 3337 7,
1065 3267 1096 3324 77
1111 3259 1193 3326 0777.
1213 3260 1244 3335 7,
1260 3258 1466 3344 5)-77777-

191 3385 284 3442 7777,
297 3385 500 3430 7777777777
510 3367 596 3452 (Vid.
610 3367 792 3432 terminatio
804 3366 834 3430 in
847 3363 925 3430 tudo
938 3386 968 3450 p.
980 3366 1169 3450 8)—u0nus
1180 3366 1248 3431 Cat.
1261 3365 1316 3444 76,
1331 3367 1466 3451 lneque

190 3468 244 3536 illi
253 3483 363 3537 tomen
374 3469 421 3537 777
432 3469 614 3538 roveredum
630 3472 722 3539 dulus
741 3483 801 3538 777
815 3471 944 3538 astutia
955 3470 1100 3550 dcerunt,
1119 3473 1200 3538 7777
1216 3491 1320 3550 77777,
1334 3492 1390 3558 777
1400 3472 1465 3538 sol-

191 3578 296 3644 lertia.
318 3577 420 3644 Dolus
434 3580 519 3645 enim
536 3579 648 3646 7777777
667 3579 907 3665 significationis
927 3590 974 3646 est
994 3581 1184 3646 vocabulum
1206 3579 1258 3661 (cl.
1276 3579 1463 3666 77777777),

190 3684 276 3770 qnod
293 3685 375 3751 bono
394 3705 487 3752 sensu
500 3690 621 3752 veteres
634 3686 790 3772 accepisse
806 3697 898 3752 testes
914 3695 988 3752 sunt
1001 3687 1111 3752 Festus
1127 3697 1157 3751 et
1171 3685 1327 3772 Ulpianus
1342 3685 1406 3772 dig.
1420 3705 1461 3763 77,

190 3792 223 3858 3.
242 3829 283 3840 -
302 3813 397 3859 77777
418 3812 474 3878 777
495 3794 598 3860 forum
620 3795 669 3876 (ll.
692 3814 715 3864 1,
737 3795 792 3880 76)
808 3819 821 3872 3.
839 3794 878 3858 cl.
896 3793 1039 3859 Lucilius
1049 3785 1106 3878 77.
1125 3793 1305 3860 0777777777
1322 3814 1344 3872 7,
1369 3793 1464 3886 7.,35

187 3901 259 3965 Pet
276 3899 414 3968 Nonium
432 3921 462 3987 7.
484 3901 561 3975 776,
585 3901 644 3981 75;
662 3901 817 3967 similiter
834 3921 933 3966 77777
951 3901 1002 3985 (Η.
1024 3923 1047 3978 7,
1066 3900 1134 3984 68),
1159 3919 1271 3967 777777
1295 3902 1378 3984 (lug.
1405 3900 1461 3978 09,

188 4007 226 4086 7;
250 4006 304 4083 73,
326 4008 373 4092 5.)
397 4007 574 4074 masculino
597 4027 711 4094 genere
732 4027 788 4092 pro
807 4019 932 4086 neutro,
962 4029 979 4072 a
1004 4008 1148 4081 Sisenna,
1175 4007 1280 4083 llccio,
1303 4008 1460 4084 Varrone,
1582 4030 1585 4040 ¹

186 4113 290 4180 Nonio
308 4123 385 4180 teste
401 4135 431 4200 7.
453 4115 530 4192 730,
548 4116 580 4193 7,
603 4126 756 4200 usurpata
776 4126 861 4181 sunt.
878 4150 923 4165 —
937 4135 973 4180 77
997 4135 1118 4192 enirn,
1145 4136 1180 4178 77
1206 4131 1296 4179 causa
1318 4113 1402 4196 (lto.
1422 4115 1461 4180 77

187 4223 401 4309 pronomem).
420 4257 461 4271 -
477 4241 633 4302 77777777,
652 4242 708 4308 777
727 4249 738 4282 ι
760 4222 894 4301 7777777,
917 4249 928 4281 7
951 4223 1031 4288 77777.
1050 4243 1073 4301 7,
1090 4222 1132 4287 87
1141 4247 1149 4300 ;
1180 4243 1218 4300 n,
1243 4222 1296 4299 79,
1320 4221 1359 4285 77
1368 4245 1376 4301 ;
1395 4221 1461 4286 7777

220 4464 242 4510 l.
259 4459 296 4508 De
311 4459 432 4510 Sallustio
444 4459 547 4510 Catonis
563 4460 705 4522 imitatore,
721 4460 806 4522 Paris,
823 4463 892 4511 7879.

217 4543 242 4590 7.
257 4539 295 4590 De
309 4540 431 4590 Sallustio
447 4541 576 4592 imitatore
591 4541 706 4600 07777777,
723 4541 837 4590 Sisennae
853 4541 1015 4606 aliorumque
1030 4547 1145 4592 veterum
1160 4540 1342 4591 historicorum
1363 4539 1447 4592 Roma

185 4635 289 4683 7777777,
304 4619 387 4682 ienae,
404 4623 474 4671 7873.

216 4702 239 4750 3.
256 4704 384 4752 [tenorem
399 4702 581 4766 emptitaoere,
594 4699 744 4766 7777777777
759 4701 904 4767 benefactis
915 4716 965 4754 non
980 4701 1219 4766 retentaculum
1235 4701 1278 4752 hic
1290 4716 1351 4751 7777
1367 4716 1458 4751 sensus

185 4779 281 4830 777777
292 4795 349 4830 7777
361 4780 425 4831 mihi
439 4780 549 4831 videtur.
