3534 5720
852 441 1052 499 -tat—

316 592 422 657 statim
439 589 666 675 perspiciemus
680 607 810 652 causam
821 589 869 652 vel
882 587 1116 672 oppositionem
1126 605 1188 650 uon
1202 595 1265 650 tam
1278 587 1377 650 inesse
1391 587 1423 650 in
1434 586 1597 650 sententia

318 697 450 763 relativa
463 716 560 781 quam
581 696 612 760 in
629 697 730 760 altera
750 694 807 758 illa
826 694 876 758 cui
895 693 1029 758 relativa
1045 693 1191 777 apposita
1211 704 1269 758 est.

362 805 396 870 3⁰
416 804 448 868 ln
464 801 652 867 concessivis
668 805 732 866 sive
756 799 971 866 adversativis
984 799 1276 876 enunciatianibus,
1293 809 1435 864 veterum
1459 799 1596 864 cornica-

318 929 389 976 rum
411 929 510 988 more,
535 908 742 973 indicativum
769 907 937 992 usurpavit
963 906 1135 973 Sallustius
1158 907 1229 990 lug.
1259 907 1311 986 lt,
1337 907 1391 984 lt,
1421 926 1507 971 art...
1533 915 1598 970 ant

317 1019 493 1104 qaisquam
508 1013 614 1080 nostri
631 1012 910 1101 misereripatest,
932 1011 991 1100 qai
1006 1009 1187 1098 aliquanda
1207 1009 1297 1076 vobis
1315 1009 1417 1077 liastis
1437 1012 1521 1077 lunt
1541 1012 1593 1078 Ci-

317 1143 387 1188 cero
406 1133 511 1187 autem
538 1140 703 1206 nunquam
735 1120 943 1185 indicativum
967 1119 1146 1204 usurpavit,
1169 1118 1230 1182 nisi
1260 1118 1313 1182 ubi
1339 1119 1499 1204 appositio
1528 1139 1595 1182 nou

317 1230 456 1295 eminere
473 1228 612 1301 deberet,
637 1240 670 1292 ut
684 1226 798 1292 Famil.
817 1227 850 1304 7,
867 1226 923 1302 26,
945 1227 978 1302 2,
999 1223 1047 1288 ita
1066 1245 1137 1311 epa,
1154 1223 1214 1311 qni
1227 1245 1279 1288 me
1298 1224 1410 1290 ostreis
1433 1235 1464 1291 et
1476 1245 1599 1290 mura-

316 1336 367 1401 ais
379 1334 481 1424 facile
506 1334 716 1412 abstinebam,
739 1355 760 1397 a
776 1331 849 1398 beta
867 1343 933 1397 eta
954 1331 1067 1396 malva
1083 1329 1233 1419 deceptae
1255 1352 1341 1397 sum.
1359 1333 1507 1398 Celerum
1528 1332 1600 1396 haec

318 1443 457 1508 relativae
475 1440 710 1507 enuntiationis
725 1439 915 1525 significatio
936 1459 1009 1503 rara
1024 1449 1081 1503 est.

363 1551 396 1614 4⁰
422 1545 651 1614 Conditioaem
673 1546 852 1632 significare
871 1547 998 1610 videtur
1025 1546 1229 1609 enuntiatum
1252 1545 1419 1610 relativum
1439 1547 1508 1612 Cat.
1536 1547 1597 1625 al,

319 1656 374 1732 36,
391 1665 505 1743 potest
521 1652 587 1718 alic
609 1665 764 1742 tempora,
784 1652 851 1717 alio
871 1650 1015 1729 consule,
1032 1651 1088 1716 cni
1102 1650 1178 1716 item
1196 1650 1356 1716 exercitus
1371 1650 1405 1716 ia
1420 1651 1599 1731 manarit,

314 1761 443 1848 salsam
455 1758 586 1848 aliquid
592 1780 659 1849 pro
676 1780 751 1824 vero
771 1757 861 1824 credi
867 1786 875 1839 3
891 1759 976 1845 quod
992 1760 1103 1844 utique
1121 1777 1230 1822 rarum
1246 1769 1302 1822 est.

857 2027 983 2092 CAPUT
1007 2027 1060 2092 lll.

703 2265 741 2308 DE
766 2263 1007 2308 ADVERBIALIBUS·
1024 2263 1213 2308 adaucturus

949 2455 972 2518 1.

783 2650 964 2722 Temporalia
976 2650 1139 2704 enunciata.

365 2837 401 2900 ll.
419 2871 464 2882 -
479 2836 545 2900 Cau
568 2825 767 2920 conjunctio.
793 2867 837 2880 -
856 2831 889 2898 Si
912 2849 1081 2904 numerum
1104 2830 1347 2895 indicativcrum
1366 2840 1397 2894 et
1416 2829 1601 2913 conjuncti-

323 2962 433 3007 varum
447 2961 518 3007 cum
534 2941 591 3004 hac
606 2939 828 3022 conjunctione
841 2939 1024 3024 junctorum
1035 2938 1239 3013 conserimus
1253 2935 1338 3020 apud
1351 2935 1543 3001 Sallustium
1556 2936 1605 3000 vi-

323 3048 434 3114 demus
447 3048 608 3132 duplicem
625 3047 688 3111 lere
699 3045 974 3130 conjunctiuncula
991 3063 1158 3109 numerum
1174 3063 1240 3108 esse
1251 3043 1387 3125 (ta-35),
1401 3061 1499 3126 quum
1510 3043 1605 3126 apud

322 3155 465 3220 Tacitum
481 3154 609 3238 triplex,
628 3151 713 3237 apud
730 3151 853 3217 Livium
870 3161 902 3216 et
915 3152 1071 3217 Caesarem
1084 3150 1267 3234 decemplex
1282 3150 1347 3214 lere
1359 3148 1398 3214 sit
1412 3150 1601 3233 (Draeger);

323 3281 426 3347 neque
447 3262 478 3325 id
498 3261 616 3325 mirum
637 3259 810 3336 videbitur,
831 3258 856 3323 si
878 3259 1113 3323 consideremus
1129 3267 1249 3341 quanto
1265 3277 1337 3322 cum
1353 3275 1460 3321 amore
1475 3257 1606 3321 Sallus-

324 3368 387 3432 tius
402 3368 609 3432 iirdieativum
625 3365 818 3430 adhibuerit.
836 3366 933 3430 Locos
944 3365 997 3429 ubi
1013 3363 1205 3428 indicativus
1222 3362 1341 3447 positus
1357 3364 1397 3426 sit
1412 3381 1605 3427 enumerare

326 3475 414 3550 libet,
442 3475 604 3538 variarum
630 3482 808 3558 temporum
835 3473 957 3536 ratione
978 3469 1104 3548 liabita3
1123 3489 1179 3534 nec
1195 3471 1296 3534 solum
1310 3489 1363 3532 eos
1378 3469 1497 3553 quibus
1511 3488 1606 3534 more

326 3581 419 3646 sclito
438 3581 621 3662 temporalis
648 3579 839 3664 significatio
857 3598 928 3642 vera
955 3579 1042 3657 insit,
1058 3577 1111 3642 sed
1127 3575 1178 3641 ecs
1193 3595 1319 3661 quoque
1336 3575 1452 3659 quibus
1471 3594 1605 3639 conces-

325 3687 393 3753 siva
409 3697 465 3752 aut
485 3689 596 3772 aliqua
619 3686 683 3750 alia
705 3685 894 3752 secundaria
909 3685 1099 3770 significatio
1123 3683 1290 3768 temporali
1307 3682 1457 3768 adjuncta
1476 3702 1542 3747 esse
1558 3683 1605 3746 vi-

326 3793 450 3858 dentur.

370 3921 402 3964 a.
433 3901 527 3965 -ln
543 3919 665 3965 summa
688 3899 750 3964 dici
776 3908 878 3984 potest
901 3898 1112 3963 indicativum
1132 3897 1278 3981 usurpari
1305 3915 1377 3984 cum
1401 3907 1537 3981 utraque
1553 3915 1605 3960 res

326 4007 420 4072 simul
447 4006 529 4070 facta
554 4006 606 4081 sit,
636 4018 692 4071 aut
718 4016 752 4071 ut
780 4006 875 4070 simul
903 4006 984 4070 facta
1007 4006 1137 4090 cogitari
1162 4004 1269 4088 possit,
1295 4005 1352 4068 etsi
1375 4003 1472 4068 verba
1491 4002 1605 4067 eodem

326 4123 467 4196 tempure
498 4133 560 4178 nau
586 4113 688 4197 posita
719 4112 792 4176 sint.
826 4112 915 4191 Quod
938 4120 1042 4176 autem
1074 4112 1113 4176 ad
1143 4111 1309 4194 utriusque
1336 4109 1438 4184 verbi,
1469 4105 1607 4172 relativi

327 4232 358 4283 et
370 4218 535 4307 primarii
550 4220 612 4304 (vel
638 4217 900 4304 demonstrativi)
925 4229 1047 4302 tempus
1064 4219 1212 4303 pertinet,
1231 4218 1296 4282 haec
1311 4216 1376 4282 lere
1394 4214 1533 4280 notanda
1554 4216 1605 4278 vi-

327 4324 473 4390 dentur:

376 4438 406 4494 1ο
421 4432 577 4509 Paasuns,
597 4433 626 4495 in
645 4432 796 4515 primario
808 4432 969 4516 pariteret
982 4433 1011 4497 in
1028 4431 1218 4496 secundario
1231 4430 1400 4495 enunciata
1413 4437 1601 4512 usurpatur.

329 4539 505 4621 praesertim
520 4559 592 4603 curn
607 4539 702 4603 verbo
717 4536 885 4603 considera
901 4540 931 4603 in
947 4540 1078 4604 relativo
1094 4538 1275 4615 enunciata,
1291 4549 1326 4600 ut
1342 4537 1410 4602 Cat.
1429 4537 1484 4614 20,
1502 4535 1535 4612 6,
1557 4553 1603 4598 ce·

330 4655 436 4709 tectim
455 4631 541 4709 midi
559 4644 593 4710 in
614 4643 681 4710 dies
697 4644 803 4731 mapic
819 4643 951 4731 animas
966 4642 1167 4723 accenditur,
1188 4665 1263 4709 cum
1282 4639 1466 4720 consider03
1484 4641 1523 4706 cf.
1545 4641 1600 4715 52,
1635 4711 1639 4719 ,

330 4752 366 4828 23
389 4751 443 4829 58,
463 4752 521 4830 l8;
550 4763 581 4816 at
603 4753 780 4818 concessivo
804 4773 897 4818 sensu
913 4753 981 4818 Cat.
1004 4753 1060 4832 20,
1083 4753 1138 4830 ta,
1161 4773 1236 4817 cnm
1260 4748 1403 4828 tabulas,
1432 4747 1541 4836 siqua,
1560 4758 1604 4812 to·
