3666 5724
911 405 1083 460 ..58-

364 567 396 633 p.
412 545 488 632 60);
507 547 615 614 Cicero
629 547 715 614 enim
732 549 878 633 pluribus
890 549 966 616 locis
980 548 1078 614 simili
1090 547 1184 614 modo
1200 547 1342 635 loquitur
1357 549 1429 633 (Ep.
1447 547 1486 614 ad
1500 549 1591 615 Brut.
1609 571 1633 625 4,

366 656 425 734 47;
448 676 504 741 pro
516 657 661 730 Murena,
679 657 733 732 20,
750 657 808 733 42;
827 654 866 722 de
881 655 968 722 Orat.
986 678 1009 732 4,
1025 656 1081 736 53,
1098 655 1175 733 230,
1192 655 1268 740 444).
1286 657 1351 720 Η44
1364 675 1438 720 4444
1452 655 1517 721 dici
1533 667 1638 742 potest

364 763 571 849 participium
596 759 707 828 dolens
730 762 830 830 activa
849 761 1080 848 significatione
1100 782 1266 848 perrarum
1287 781 1366 838 4444,
1388 763 1504 847 saepius
1525 773 1637 828 contra

364 867 543 934 daletmihi
560 867 816 954 impersonaliter
832 888 904 934 eum
920 868 1027 935 dativo
1041 869 1201 956 junctum.
1219 869 1265 936 hd
1281 871 1310 934 4.
1328 869 1382 942 84,
1402 871 1432 946 4,
1455 869 1539 954 quod
1561 869 1639 934 atti-

364 984 428 1051 net,
446 976 616 1061 Herzogius
630 973 716 1042 milti
731 995 786 1060 pro
805 975 911 1042 dativo
927 975 1036 1042 remoti
1054 975 1168 1062 objecti
1184 975 1352 1040 4444444444
1370 974 1563 1040 incommodi
1577 975 1637 1040 ha-

358 1083 503 1147 4444444
518 1093 635 1160 444444,
653 1101 785 1166 nequeo
800 1083 895 1148 rcrho
908 1079 1030 1161 dolere,
1044 1094 1079 1148 ut
1093 1083 1163 1149 vult
1177 1082 1328 1161 Kritzius,
1347 1081 1485 1169 pendere
1497 1082 1636 1152 arbitra-

364 1201 428 1263 444,
445 1209 542 1272 quam
556 1188 747 1254 sententiam
758 1187 967 1256 ualidioribus
981 1191 1176 1274 argumentis
1190 1189 1318 1276 probari
1331 1209 1457 1255 necesse
1470 1199 1562 1256 esset.
1575 1187 1638 1240 ¹-

363 1294 547 1381 1444444444
567 1313 693 1380 semper
717 1295 760 1359 ita
780 1305 955 1379 usurpatur
979 1307 1015 1362 ut
1035 1296 1237 1362 vehementer
1261 1296 1402 1381 aliquem
1432 1305 1487 1361 aut
1510 1295 1635 1382 aliquid

363 1420 571 1476 commorere,
596 1421 723 1478 vexare,
747 1401 874 1466 irritare
896 1402 1072 1486 significet:
1091 1403 1160 1468 Cat.
1190 1403 1242 1482 44,
1269 1403 1301 1476 3,
1326 1414 1493 1490 postremo
1525 1421 1636 1466 ornares

363 1527 444 1593 qrtos
466 1505 650 1593 slaqitium,
673 1517 814 1594 4444444,
835 1507 980 1572 conscius
1000 1507 1132 1573 artimus
1153 1507 1362 1595 ecapitabat;
1387 1510 1502 1588 th,··t;
1519 1509 1574 1587 38,
1598 1509 1634 1586 4;

363 1614 420 1690 48,
441 1614 477 1694 53
496 1614 551 1690 tt,
569 1613 627 1694 323
644 1615 673 1679 J.
692 1614 745 1692 34,
771 1615 808 1691 2;
826 1614 881 1688 63,
898 1615 934 1694 2;
953 1615 1005 1679 72.
1024 1615 1061 1684 2;
1079 1615 1134 1692 73,
1152 1617 1189 1693 5;
1206 1615 1261 1691 84,
1280 1615 1311 1679 5.
1326 1649 1371 1664 -
1384 1615 1516 1695 Eacire,
1555 1614 1637 1680 4444-

363 1721 446 1804 cipiu
473 1721 688 1786 tantummodo
713 1721 840 1807 perlecti
863 1720 1132 1808 passinianum,
1164 1723 1233 1788 Cat.
1264 1723 1318 1802 46,
1335 1723 1371 1803 4;
1397 1722 1452 1799 37,
1469 1723 1505 1802 7;
1529 1632 1557 1787 i.
1579 1723 1634 1799 72,

341 1829 399 1904 .2;
420 1828 474 1903 944,
493 1828 529 1908 2,
548 1828 633 1912 apud
646 1829 804 1896 Cassarum
824 1839 855 1896 et
871 1828 1056 1894 Ciceronem
1070 1829 1283 1896 rarissimum.
1297 1863 1342 1878 -
1355 1830 1521 1895 Eaercera
1537 1816 1577 1896 444
1598 1829 1637 1894 444

363 1935 491 2012 dicitur,
513 1955 584 2020 quae
600 1936 751 2001 continuo
768 1945 959 2012 tractantur,
977 1956 1050 2022 quae
1067 1935 1111 2002 ita
1127 1937 1312 2002 factitantur
1331 1946 1366 2001 ut
1381 1936 1477 2012 nihil,
1494 1935 1579 2020 quod
1595 1936 1635 2002 ad

363 2061 415 2106 eos
434 2041 603 2127 pertineat,
627 2042 823 2127 neglegatur,
846 2054 881 2108 ut
900 2041 1073 2108 uictoriam
1088 2062 1231 2108 44444444
1247 2043 1296 2127 (C.
1324 2043 1378 2120 38,
1402 2045 1433 2120 4,
1453 2043 1483 2107 J.
1510 2041 1563 2118 46,
1580 2043 1634 2126 2);

363 2147 574 2234 quaestionem
596 2149 638 2234 (l.
663 2149 716 2226 40,
742 2149 795 2234 tt);
815 2147 998 2214 simultates
1019 2150 1068 2234 (C.
1090 2149 1122 2222 44,
1147 2152 1197 2233 2);
1215 2147 1406 2214 inimicitias
1432 2149 1482 2234 (Ο.
1505 2151 1559 2228 49,
1581 2150 1634 2234 2);

361 2253 507 2341 qratiam
522 2265 583 2320 atat
596 2253 788 2320 inimicitias
801 2255 849 2337 (C.
867 2256 922 2333 64,
941 2256 1009 2341 46).
1036 2293 1077 2304 -
1090 2258 1291 2344 Earpttr·pare
1306 2259 1363 2338 (z
1381 2257 1558 2342 excusare),
1580 2275 1636 2341 pro

364 2381 514 2447 purgare,
530 2361 615 2448 quod
635 2372 682 2428 est
705 2360 791 2448 apud
806 2363 1002 2441 Ciceronem,
1019 2363 1054 2428 C.
1082 2363 1135 2442 34,
1152 2363 1189 2442 5;
1205 2363 1234 2427 J.
1257 2363 1313 2441 69,
1338 2364 1370 2429 4.
1387 2398 1432 2413 -
1451 2361 1637 2449 anua'rerc

365 2469 516 2554 aliquem,
539 2489 595 2552 pro
608 2469 798 2536 sententiam
814 2470 962 2555 alicujus,
981 2468 1066 2555 apud
1081 2470 1183 2536 solum
1206 2469 1395 2535 Sallustium
1410 2483 1532 2534 4444444
1553 2468 1637 2534 ride·

366 2586 428 2652 tur,
449 2576 518 2641 Cat.
536 2576 590 2652 50,
617 2577 648 2652 4,
662 2575 788 2663 partim
808 2573 1026 2663 acquirebant
1051 2573 1147 2642 duces
1166 2573 1431 2642 mulititudinurn.
1452 2611 1497 2626 —·-
1515 2576 1637 2640 Facere

365 2683 470 2767 lugam
489 2682 529 2768 (4.
548 2682 602 2759 53,
620 2682 657 2761 3;
675 2683 729 2760 58,
752 2683 800 2768 4),
823 2703 879 2768 pro
894 2703 927 2750 se
943 2682 1018 2749 dare
1033 2685 1066 2748 in
1087 2684 1205 2770 lugam,
1223 2683 1343 2768 lugere,
1363 2694 1397 2748 ut
1413 2682 1496 2768 apud
1513 2682 1581 2748 hiv.
1598 2682 1634 2758 8,

363 2790 402 2866 9;
419 2789 493 2854 huic
514 2789 643 2856 dictioni
661 2789 741 2854 44444
757 2789 927 2874 subjicitur
940 2791 988 2856 vis
1009 2790 1151 2877 lugendi.
1169 2826 1216 2842 -
1230 2791 1328 2873 (Nihil
1343 2790 1474 2875 reliqui,
1496 2787 1549 2854 444
1559 2789 1636 2854 4444-

364 2900 475 2982 quum)
490 2896 603 2983 sacerc
622 2907 677 2962 444
694 2917 751 2980 pro
770 2896 852 2963 nihil
870 2897 1119 2982 relinquereest,
1137 2898 1251 2963 utCat.
1273 2897 1326 2976 44,
1344 2897 1382 2975 7;
1400 2897 1455 2976 28,
1473 2897 1511 2972 4,·
1526 2895 1581 2976 42,
1598 2897 1635 2973 4;

242 3091 244 3098 y
365 3012 420 3068 aut
440 3022 496 3088 pro
516 3003 596 3068 nihil
619 3002 775 3082 omittere,
803 3003 1022 3082 intermittere,
1042 3005 1113 3100 lug.
1136 3005 1191 3082 76,
1209 3004 1240 3082 4,
1264 3013 1380 3068 contra
1394 3001 1463 3068 1444
1477 2999 1641 3090 oppidani

362 3107 533 3193 festinare,
560 3129 701 3196 parare,
727 3129 866 3197 prorsus
894 3107 937 3175 ab
965 3109 1112 3196 tetrisque
1146 3108 1233 3174 nihil
1257 3108 1424 3197 reliquum
1443 3108 1537 3196 fieri3
1565 3129 1637 3194 quae

366 3215 556 3302 significatio
571 3215 648 3280 satis
669 3236 742 3281 rara
761 3226 864 3282 444444
877 3227 982 3282 tamen
999 3218 1079 3284 Caes.
1099 3217 1128 3281 h.
1151 3235 1181 3301 g.
1199 3217 1232 3295 2,
1249 3217 1308 3296 26;
1324 3218 1404 3303 Nep.
1417 3215 1510 3281 httic.
1529 3216 1584 3294 24,
1602 3216 1635 3280 4.

362 3359 407 3373 -
427 3321 536 3388 Ferire
549 3322 670 3389 hostem
686 3324 768 3403 (Cat.
787 3324 819 3402 7,
841 3323 877 3403 6;
891 3324 946 3402 60,
969 3325 1001 3400 4,
1021 3325 1092 3408 lug.
1110 3323 1165 3402 85,
1187 3323 1257 3408 33),
1280 3322 1365 3408 apud
1389 3324 1493 3389 solum
1514 3321 1638 3388 Sallus-

365 3429 457 3521 tium,
470 3430 495 3494 si
510 3449 618 3495 vocent
631 3429 724 3494 Ennii
742 3429 838 3515 (hun.
854 3429 888 3509 8,
906 3430 975 3515 tu),
993 3429 1271 3514 apudssiceroncm
1284 3430 1388 3517 (Balb.
1401 3430 1473 3515 22),
1485 3428 1637 3514 excipias,

363 3537 490 3601 videtur
505 3549 639 3602 exstare.
657 3537 695 3602 Et
706 3536 844 3602 formula
857 3547 903 3602 est
917 3547 1071 3615 veterum,
1088 3557 1184 3622 quam
1199 3536 1370 3622 Herzogius
1390 3564 1401 3596 ι
1418 3534 1565 3602 caminate
1577 3555 1637 3623 pn·

363 3641 496 3730 pitancia
511 3641 655 3708 occidere
671 3668 684 3704 a
710 3644 954 3732 interpretatum
974 3645 1082 3710 conler
1096 3643 1204 3710 securi
1214 3643 1318 3731 scrire
1335 3643 1413 3730 (Cic.
1437 3644 1527 3710 Verr.
1545 3663 1580 3722 n,
1605 3643 1636 3722 l,

364 3750 419 3830 30,
437 3751 510 3836 75);
529 3761 560 3814 44
572 3752 643 3835 lug.
662 3751 694 3828 6,
715 3751 745 3831 4,
763 3746 810 3815 ad
820 3749 881 3816 hoc
891 3750 1052 3837 pleraque
1072 3762 1220 3840 tempora
1235 3750 1269 3816 in
1284 3747 1431 3817 uenando
1447 3771 1555 3838 apere,
1573 3748 1637 3814 lco-

364 3877 438 3922 nem
453 3867 552 3942 atque
568 3855 653 3922 alias
663 3857 757 3944 saras
766 3857 897 3944 primus
907 3868 966 3922 aut
977 3856 1142 3946 inprimis
1154 3857 1268 3947 ferire.
1286 3893 1330 3908 -
1342 3856 1502 3945 Flaprarc
1514 3857 1636 3942 inopia.

364 3965 461 4048 paulo
478 3964 669 4030 insolentius
691 3985 748 4052 pro
768 3964 878 4049 inopia
904 3965 1061 4046 laborare,
1080 3965 1117 4030 ll.
1144 3986 1166 4044 1,
1195 3967 1250 4044 54,
1273 3967 1304 4030 7.
1323 3964 1508 4052 siaprantes
1523 3963 1639 4052 inopia

364 4081 396 4136 et
409 4067 630 4158 cupidinibus,
648 4070 701 4137 ubi
718 4091 850 4158 zeugma
876 4070 1106 4138 admittendum
1123 4081 1179 4138 est.
1197 4109 1241 4123 -
1256 4070 1472 4158 Frequentari
1483 4090 1555 4136 cum
1569 4069 1638 4135 solo

365 4178 503 4243 ablativo
516 4198 658 4263 personm
672 4179 895 4245 concinnitatis
910 4199 1006 4244 causa
1014 4179 1172 4265 jungitur,
1189 4181 1216 4246 J.
1232 4179 1286 4259 48,
1305 4181 1336 4258 4,
1349 4200 1388 4243 44
1400 4179 1495 4264 (4444)
1512 4176 1639 4242 consita

364 4282 506 4350 arbustis
513 4306 631 4372 pecora
642 4297 741 4373 atque
752 4284 931 4353 cultoribus
943 4284 1255 4373 frequentabantur.
1272 4323 1316 4337 -
1329 4288 1452 4372 Fuqere
1465 4285 1639 4349 insolenter

362 4391 469 4477 junxit
485 4391 766 4458 Sallustiussinrul
785 4413 856 4460 cum
873 4393 1022 4458 adverbio
1039 4393 1096 4460 loci
1111 4406 1142 4460 et
1158 4394 1335 4462 accusativo
1349 4392 1476 4477 objecti,
1493 4391 1531 4456 ll.
1550 4411 1584 4469 n,
1602 4391 1635 4469 5,

370 4593 374 4598 ’
395 4585 418 4636 l.
434 4585 551 4635 Ceterum
569 4586 709 4636 notandum
724 4593 764 4636 est
779 4587 845 4638 hanc
860 4586 1018 4636 locutionem
1033 4586 1104 4635 iniis
1120 4602 1177 4651 quac
1193 4601 1206 4636 4
1222 4586 1303 4637 latina
1321 4585 1410 4651 lingua
1425 4593 1482 4636 orta
1497 4591 1557 4636 sunt
1573 4585 1638 4634 idiu-

365 4665 476 4714 matibus
492 4666 646 4729 perstitisse,
660 4681 698 4717 ex.
716 4681 766 4730 gn,
781 4665 807 4715 in
822 4667 906 4716 Gallia
920 4665 1076 4726 meridiana,
1098 4680 1139 4717 me
1153 4667 1199 4718 dol
1223 4667 1306 4732 (duct)
1332 4683 1362 4717 τ.
1390 4667 1457 4718 44444
1473 4666 1550 4723 notet,
1569 4665 1637 4713 urnle

366 4745 442 4798 facile
457 4745 576 4796 concludi
590 4753 674 4811 potest
686 4747 755 4796 hanc
770 4753 926 4796 structuram
937 4747 1059 4795 continuo
1074 4746 1098 4794 in
1111 4745 1208 4810 vulgari
1223 4761 1342 4797 sermone
1357 4747 1480 4811 viguisse.
