3666 5724
616 856 1011 979 PRAEFATIO.

223 1525 288 1592 Etsi
303 1525 369 1611 jam
390 1536 462 1606 ante
475 1545 525 1592 me
542 1527 635 1592 multi
662 1525 720 1592 viri
738 1525 909 1592 doctissimi
925 1526 963 1592 de
983 1546 1096 1613 genere
1112 1528 1237 1594 dicendi
1261 1530 1449 1596 sallustiano

177 1660 260 1716 recte
275 1650 507 1737 diligenterque
523 1650 779 1736 disputaverunt,
796 1661 901 1716 tamen
919 1653 1046 1717 nullum
1065 1671 1131 1716 esse
1150 1661 1237 1738 puto,
1259 1652 1315 1738 qui
1340 1653 1371 1719 in
1392 1654 1450 1720 lanc

176 1773 351 1861 quaestione
372 1773 538 1841 tractanda
553 1774 662 1840 eadem
678 1773 800 1840 ratione
813 1795 891 1840 nsns
906 1785 947 1840 srt
960 1795 1031 1861 quae
1053 1775 1134 1840 milri
1151 1775 1273 1861 optima
1291 1777 1360 1843 visa
1375 1786 1422 1843 est
1439 1800 1446 1841 :
1462 1848 1466 1854 ¹

176 1899 278 1978 Quam
293 1899 423 1984 quidem
438 1898 523 1966 viam
541 1899 700 1986 ingressus
723 1908 770 1965 est
785 1901 961 1985 Draegerns
977 1900 1010 1965 in
1032 1899 1123 1966 libris
1150 1900 1204 1985 qni
1232 1900 1450 1966 inscribuntur

179 2049 192 2083 ι
214 2023 317 2090 Ueber
336 2024 456 2110 Synlax
471 2023 537 2090 und
556 2024 608 2090 stil
620 2023 675 2090 des
689 2023 815 2090 Tacitus
834 2051 845 2083 ι
865 2033 896 2088 et
919 2051 930 2084 ι
950 2023 1143 2089 llistorisahe
1157 2025 1276 2110 Syntax
1291 2023 1345 2090 des
1362 2025 1448 2090 latei-

177 2146 318 2214 nischem
333 2148 501 2232 spraohe,›
518 2157 549 2214 et
563 2158 634 2233 post
649 2146 742 2214 illum
757 2148 905 2214 nonnulli
922 2148 1020 2214 simili
1037 2147 1160 2214 ratione
1173 2147 1221 2215 usi
1237 2147 1390 2234 quasdam
1402 2169 1449 2214 res

178 2271 217 2337 ad
231 2280 375 2338 nustrnrn
391 2272 588 2359 propositum
599 2273 793 2358 pertinentes
809 2273 1015 2358 singulariter
1030 2282 1269 2352 tractaverunt,
1288 2273 1342 2339 sed
1357 2293 1449 2340 nemo

176 2396 291 2481 estqui
308 2416 375 2462 rem
391 2397 559 2484 integram,
581 2396 646 2464 sive
661 2398 746 2483 apud
767 2399 954 2476 Germanos,
984 2397 1050 2464 sive
1069 2398 1155 2484 apud
1184 2398 1447 2477 Franco-Gallus,

159 2519 279 2586 *denno
292 2520 476 2608 perquirere
492 2540 655 2607 aggressus
679 2522 731 2588 sit.

218 2645 387 2724 Praeterea,
403 2664 504 2731 quum
524 2646 615 2731 pauci
633 2646 736 2712 adhuc
752 2645 784 2711 in
799 2647 907 2714 Gallia
926 2646 1136 2713 inveniantur
1155 2646 1216 2713 viri
1233 2647 1315 2713 docti
1332 2647 1449 2731 quibus

173 2768 405 2836 Germanorum
421 2769 494 2836 libri
511 2770 708 2857 grammatici
725 2771 881 2836 notissimi
898 2771 973 2850 sint,
997 2791 1033 2837 ac
1053 2771 1231 2856 praesertim
1247 2770 1449 2838 dissertatio-

175 2912 230 2958 nes
246 2893 452 2979 inangurales
467 2903 498 2959 et
524 2913 561 2958 ea
586 2913 658 2980 qnae
685 2893 835 2959 dicuntur
853 2904 1110 2982 programmata
1131 2894 1247 2979 saepius
1274 2893 1312 2959 de
1341 2904 1448 2960 nostro

174 3027 302 3083 auctore
328 3017 538 3102 disputantia,
567 3037 798 3103 nonnunquam
829 3018 966 3103 pecunia
992 3038 1106 3104 parare
1126 3018 1167 3083 sit
1194 3017 1339 3095 difficile,
1361 3017 1447 3083 haud

173 3140 348 3207 absurdum
369 3140 448 3206 mihi
475 3125 578 3207 visum
602 3151 669 3219 est3
691 3141 731 3220 si,
762 3161 970 3228 quaecumque
991 3141 1181 3227 (prasertim
1208 3141 1240 3206 in
1261 3141 1444 3227 Germania)
1489 3157 1493 3166 ·

172 3274 278 3330 nostra
295 3274 387 3331 aetate
405 3265 444 3330 de
460 3264 650 3330 sallustiano
666 3261 810 3330 seimona
829 3285 927 3351 opera
948 3265 979 3330 in
1002 3266 1105 3330 lucem
1120 3265 1206 3332 edita
1226 3265 1358 3345 luerint,
1389 3265 1447 3332 hoo

172 3389 282 3455 libello
302 3389 615 3475 comprehenderem,
631 3397 662 3454 et
681 3389 772 3475 quasi
787 3409 916 3456 snccnm
935 3410 1046 3456 eornm
1061 3391 1284 3475 exprimerem,
1316 3390 1446 3477 proprio

171 3523 277 3578 tamen
295 3513 438 3578 adhibito
452 3512 586 3599 judicio,
609 3523 640 3578 et
655 3512 771 3578 additis
787 3534 849 3579 non
870 3516 989 3599 paucis¹
1004 3535 1075 3601 quaa
1094 3515 1376 3600 grammaticorum
1396 3516 1445 3580 vel

169 3636 330 3703 editorum
344 3636 487 3703 studium
503 3636 654 3723 lugerint.
672 3638 772 3716 Quem
789 3636 940 3703 adfinem
961 3638 1208 3724 assequendum,
1226 3637 1386 3705 Gerlachli
1407 3635 1447 3703 de

170 3759 377 3848 Proprietate
391 3759 550 3826 sermonis
563 3759 752 3826 sallustiani
768 3760 1098 3839 Commentationum,
1117 3781 1152 3827 ac
1166 3762 1341 3848 praesertim
1357 3761 1445 3828 Krit-

168 3883 224 3963 zii,
238 3884 401 3963 Dietsohii,
411 3884 519 3962 Fabri,
531 3884 668 3950 Jacobsii
683 3885 838 3951 editiones
849 3885 1021 3970 diligenter
1031 3887 1223 3964 evolvirnus3
1240 3886 1335 3952 Curtii
1349 3885 1444 3950 otiam

172 4007 338 4074 fastidiosa
352 4003 495 4095 quidem,
510 4007 564 4074 sed
577 4008 737 4074 interdum
748 4009 843 4075 utilia
857 4009 1099 4088 commentaria,
1118 4020 1149 4074 et
1163 4011 1368 4095 Herzogianae
1383 4008 1445 4074 edi·

170 4131 266 4196 tionis
288 4133 384 4218 paula
404 4103 554 4198 obscuras
572 4133 800 4218 explicationes
821 4133 964 4217 legimns.
989 4135 1147 4199 Praeterea
1161 4133 1328 4199 Burnoulii
1345 4133 1443 4198 nostri

168 4255 481 4336 commentariorum,
500 4276 555 4343 pro
578 4266 719 4341 tempore
739 4277 815 4324 sane
839 4257 1192 4338 excellentissimorum,
1215 4257 1370 4323 rationem
1386 4257 1444 4322 ha-

168 4380 309 4459 buimus,
327 4380 464 4468 denique
480 4401 518 4447 ex
538 4380 753 4473 recentissima
773 4383 807 4448 P.
826 4383 953 4448 Thomae
972 4383 1091 4468 Belgici
1109 4380 1283 4470 Japrrrtlrao
1305 4381 1444 4448 editione

168 4503 292 4590 aliquot
304 4505 512 4572 correctiones
527 4505 818 4593 explicationesqne
835 4506 1011 4598 hausimus.
1029 4507 1208 4572 Nonnullas
1224 4505 1320 4571 etiam
1333 4504 1445 4572 dissor-

167 4629 304 4696 tationes
323 4630 542 4717 inauguraleS,
559 4650 697 4717 qnorum
716 4632 876 4718 pleraeque
897 4652 915 4695 a
940 4629 1107 4696 Germanis
1127 4628 1309 4694 doctoribus
1327 4648 1444 4716 propo-

169 4753 250 4832 sitae,
277 4756 421 4820 evolvere
442 4755 545 4833 licuit,
565 4774 703 4822 necnon
732 4756 839 4841 plura,
860 4774 931 4840 quae
951 4753 1114 4831 dicuntur,
1133 4762 1381 4840 programmata,
1407 4772 1444 4818 ex

1305 4861 1314 4910 r
