3534 5720
909 411 1102 468 -490-

380 565 432 650 (64.
458 565 486 629 J.
506 564 560 643 36,
579 565 633 646 4),
656 563 711 638 66,
735 564 765 640 4,
790 562 921 650 incipit3
948 566 1003 640 69,
1025 567 1057 645 4,
1078 575 1260 652 eupurqat3
1284 564 1339 638 84,
1357 565 1389 642 6,
1409 561 1493 642 6644;
1521 565 1595 636 404,
1612 566 1638 644 4,

376 667 476 747 redit;
498 671 567 735 Cat.
585 672 639 747 47,
656 670 687 734 3.
709 705 754 718 -
767 670 844 734 ltem
863 690 935 736 eum
955 672 1112 757 particula
1125 670 1200 737 ubi:
1222 671 1290 738 Cat.
1309 671 1365 750 47,
1382 671 1414 748 3,
1426 669 1578 759 procedit
1591 671 1638 755 (of.
1687 737 1690 748 ,

375 779 447 863 Jug.
465 778 519 854 46,
544 778 614 860 40);
637 777 691 854 49,
707 779 739 856 4,
760 789 941 864 mansuum
963 779 1018 855 60,
1038 769 1069 857 4,
1092 775 1167 855 dot;
1190 780 1262 860 Jug.
1290 778 1344 857 44,
1367 778 1401 854 9,
1418 797 1492 864 quae
1508 775 1566 842 ubi
1579 789 1641 842 tar·

375 881 450 949 dius
460 881 644 971 procedunt
656 903 760 970 neque
774 881 896 948 lenitur
910 883 1041 952 animus
1052 885 1169 972 seram
1189 884 1242 962 43,
1259 885 1292 963 9,
1311 882 1497 970 confidunt3
1521 886 1575 960 44,
1591 885 1638 961 44,
1742 862 1743 891 ¹

374 989 503 1078 nequit;
521 992 575 1064 47,
592 991 625 1066 3,
643 989 750 1065 timet;
768 989 823 1064 63,
841 993 872 1067 4,
886 989 980 1077 petit.
1741 981 1742 986 ’

419 1098 453 1162 4ο
472 1096 715 1185 Cumprasenti
728 1095 923 1184 lopicmCat.
934 1099 988 1170 64,
1000 1099 1054 1178 43,
1066 1097 1318 1184 uoquemirum,
1334 1094 1641 1184 ubivossepuratim
1742 1140 1743 1163 t

373 1223 436 1268 sior
450 1202 587 1290 quisquo
605 1201 776 1268 eonsilium
791 1203 922 1291 capitis,
939 1203 998 1269 ubi
1011 1203 1103 1269 dorni
1115 1202 1353 1292 oolrcptatibus,
1363 1202 1416 1269 bic
1425 1202 1577 1291 prestaria
1590 1216 1643 1268 aut
1741 1193 1742 1224 4

372 1309 491 1396 qratia
503 1308 642 1389 seruitio,
659 1330 695 1373 oo
709 1309 749 1386 bt
766 1320 803 1373 ut
821 1308 961 1397 impetus
972 1311 1037 1396 fiat
1050 1310 1083 1375 iu
1098 1331 1238 1376 uacuam
1253 1309 1505 1398 rempublicam.

403 1417 451 1481 Δ60
474 1417 552 1482 Cum
566 1415 769 1504 imperfecto,
787 1416 842 1481 664
860 1415 897 1481 de
910 1417 1203 1482 rebuscontinuatis
1218 1429 1273 1482 aut
1288 1418 1404 1500 sapius
1421 1418 1509 1482 iactis
1526 1417 1640 1502 agitur,

372 1523 458 1609 quod
478 1522 652 1588 arctissime
675 1542 746 1588 eum
767 1522 918 1607 temporis
940 1523 1030 1588 illius
1050 1524 1179 1588 notione
1201 1533 1232 1587 et
1259 1534 1410 1608 potestate
1432 1524 1580 1589 cohaeret.
1602 1525 1641 1588 De

373 1650 406 1695 re
422 1630 508 1695 enim
532 1625 674 1694 nondum
691 1629 829 1714 66444646
845 1631 950 1714 agitur
966 1630 1014 1694 his
1035 1631 1127 1695 loeis:
1144 1632 1213 1696 Cat.
1233 1631 1265 1708 6,
1280 1631 1312 1707 3,
1333 1628 1391 1695 sed
1400 1641 1582 1718 postquam
1596 1651 1642 1694 res

371 1756 485 1801 eorum
498 1734 634 1816 ciuibus,
655 1734 916 1824 moribundaque
926 1745 1026 1802 aucta
1038 1735 1117 1802 satis
1126 1757 1288 1824 prospera
1296 1736 1441 1822 satisque
1454 1735 1583 1824 pollens
1597 1738 1641 1800 vi-

371 1842 519 1923 debatur,
529 1878 574 1891 -
583 1841 709 1907 inuidia
723 1863 764 1906 66
772 1841 943 1930 opulentia
956 1854 1029 1908 orta
1042 1855 1105 1920 est;
1117 1843 1171 1918 66,
1183 1845 1215 1918 4,
1228 1839 1471 1930 sedpostquam
1482 1842 1640 1908 butanius

370 1971 445 2014 oum
464 1949 609 2015 exercitu
623 1949 827 2024 adventabat,
847 1947 993 2015 Catilina
1004 1970 1066 2036 per
1080 1949 1200 2014 montis
1214 1948 1413 2036 uersarem,
1437 1952 1491 2014 ubi
1513 1950 1640 2016 verbum

370 2054 549 2122 adventare
561 2057 624 2120 vim
638 2076 673 2121 ae
690 2066 873 2141 potestatem
887 2054 1186 2145 appropinquandi
1200 2057 1294 2121 habet
1305 2057 1492 2140 (Dietseh.);
1516 2057 1556 2121 ei.
1571 2059 1636 2141 Jug.

370 2147 424 2238 48,
443 2165 478 2241 4;
497 2165 551 2242 36,
573 2165 610 2241 4;
634 2163 689 2243 99,
715 2164 729 2227 4
755 2160 853 2248 (ubi).
876 2162 964 2228 Adde
987 2165 1058 2250 Jug.
1081 2165 1135 2243 63,
1159 2164 1191 2242 7,
1212 2173 1395 2252 postauam
1414 2161 1510 2228 baud
1526 2161 1642 2251 procul

369 2269 453 2335 iuter
471 2291 504 2336 se
530 2280 621 2337 erant
648 2271 735 2355 (4.6.
758 2281 937 2357 postquam
969 2292 1006 2335 eo
1033 2280 1166 2334 ueritum
1193 2281 1252 2362 464,
1278 2281 1315 2334 ut
1329 2269 1406 2358 jam
1435 2269 1577 2357 propius
1612 2280 1639 2333 et

364 2377 504 2464 propius
523 2373 744 2460 accederent);
768 2376 823 2454 68,
850 2377 882 2454 7,
903 2374 1054 2442 Metellus
1074 2376 1193 2463 insecta
1212 2376 1356 2464 raspatio,
1374 2386 1555 2463 postquam
1577 2397 1638 2440 666

368 2483 490 2562 aderat,
509 2483 543 2548 iu
566 2494 674 2548 castra
697 2504 772 2548 eccm
787 2481 930 2548 eaeroitu
949 2483 1143 2560 resarcitum
1162 2484 1215 2563 43,
1234 2485 1266 2560 6,
1287 2481 1454 2570 46666466
1465 2493 1637 2570 quostquam

325 2675 329 2684 ι
367 2589 459 2654 omui
474 2587 636 2659 Numidia
653 2590 844 2675 6644666464,
861 2591 915 2654 664
932 2591 1069 2654 Fabrius
1081 2589 1187 2676 potiri
1206 2589 1287 2655 idem
1306 2609 1373 2654 esse
1389 2589 1456 2654 vuit
1472 2589 1636 2676 66641666-

365 2694 480 2775 sidere,
496 2696 677 2762 Dietsobius
696 2696 925 2782 interpretetur
950 2724 961 2755 ι
981 2695 1016 2760 in
1040 2717 1076 2761 eo
1089 2695 1159 2783 fuit
1172 2708 1209 2760 ut
1219 2695 1383 2783 potiretur
1400 2721 1427 2773 ι,
1445 2696 1587 2762 Kritzius
1608 2696 1636 2758 46

367 2802 548 2889 imperfecto
572 2804 655 2868 huno
674 2823 803 2868 sensum
829 2804 930 2868 466666
953 2814 1079 2868 666664;
1101 2823 1233 2889 «quam
1248 2803 1324 2889 tuq.
1347 2801 1453 2866 amuis
1472 2799 1637 2870 Numidia

365 2907 565 2998 occupandae
577 2908 711 2974 initium
727 2909 859 2996 fecisset
871 2908 906 2974 iu
920 2929 1022 2996 eoque
1036 2921 1157 2974 conatu
1168 2919 1319 2996 perperat
1335 2935 1363 2986 ι,
1377 2908 1542 2974 Jacobsius
1553 2927 1635 2982 vero,

364 3016 413 3080 664
431 3017 566 3090 libenter
581 3017 747 3094 assentior,
763 3016 992 3102 interpretatur
1011 3043 1022 3074 ι
1038 3015 1269 3081 auctoritatem
1280 3014 1314 3080 ia
1327 3012 1460 3102 aliquid
1472 3013 1595 3080 babere
1610 3041 1654 3088 r„

364 3123 527 3188 conferens
537 3123 694 3198 Tacitum,
710 3124 794 3187 466.
810 3123 843 3202 4,
858 3123 911 3200 44,
925 3120 1173 3188 roebrcbelac'ts
1183 3120 1498 3209 quinquepesimum
1514 3105 1637 3186 aunum

365 3227 581 3318 Cappadocia
583 3227 787 3317 potiebatur.
801 3229 959 3295 —Faeiie
976 3239 1080 3295 autem
1101 3229 1262 3296 estvidere
1280 3229 1318 3294 iis
1334 3229 1511 3294 enuntiatis
1522 3229 1637 3315 quibus

365 3336 611 3420 imperfectuma
626 3337 975 3424 particulapostqunm
991 3336 1109 3418 (rarius
1124 3334 1194 3421 ubi)
1213 3347 1323 3420 aptum
1337 3335 1391 3413 sit,
1409 3334 1488 3401 duas
1502 3337 1635 3402 actiones

362 3442 517 3508 contineri
537 3463 675 3529 quarum
691 3443 847 3528 posterior
871 3443 1008 3528 priorem
1031 3443 1206 3508 necessario
1232 3452 1397 3528 sequatur,
1414 3441 1499 3527 quod
1520 3442 1635 3508 6464466

364 3549 497 3634 perspici
516 3560 616 3635 potest
630 3570 667 3616 ex
681 3551 720 3616 iis
733 3551 819 3625 46646,
832 3551 864 3614 46
880 3549 997 3636 quibus
1013 3548 1084 3614 dare
1098 3569 1146 3614 res
1160 3549 1335 3634 conjuncte
1350 3558 1436 3627 6664,
1454 3551 1556 3614 644646
1572 3569 1635 3634 per·

363 3655 453 3730 fecta,
475 3657 576 3722 644646
593 3658 790 3735 6664466646,
813 3668 848 3722 64
872 3658 939 3744 Cat.
964 3656 1017 3732 40,
1041 3657 1072 3732 4,
1096 3652 1155 3720 sed
1167 3653 1226 3720 ubi
1248 3653 1360 3720 labare
1383 3667 1481 3741 atque
1499 3653 1634 3743 justitia

360 3758 547 3847 respublica
561 3764 671 3832 646νί4,
687 3799 732 3812 -
745 3774 864 3827 666646
877 3761 988 3827 maria
1006 3773 1165 3848 terraque
1184 3762 1349 3847 patebant,
1369 3759 1483 3827 saeuire
1496 3762 1633 3848 fortuna

360 3887 399 3932 66
422 3867 556 3932 46466646
581 3867 694 3932 omnia
713 3868 831 3958 oapit,·
853 3869 922 3935 Cat.
947 3870 1001 3947 44,
1032 3870 1063 3948 4,
1082 3879 1260 3956 postquam
1280 3865 1403 3932 diuitiae
1429 3866 1550 3932 boaori
1571 3885 1633 3932 esse

359 3985 544 4059 eruperaet
562 3995 616 4040 eas
633 3972 757 4061 ylario,
779 3974 967 4063 imperium,
986 3973 1136 4064 potentia
1156 3975 1361 4060 sequebatur,
1376 3971 1546 4051 bebescere
1570 3973 1630 4038 uir·

360 4090 412 4146 tus
431 4116 476 4130 -
491 4080 609 4170 caepim
630 4063 672 4146 ei.¹
687 4082 757 4166 lug.
778 4083 852 4160 406,
875 4084 912 4161 4;
935 4083 989 4161 70,
1008 4083 1039 4147 6.
1113 4065 1116 4074 ¹

403 4189 438 4253 6⁰
462 4188 584 4253 Similis
600 4188 681 4253 ratio
704 4208 769 4253 esse
791 4183 914 4254 videtur
932 4188 1103 4273 imperfecti
1127 4209 1144 4252 6
1164 4209 1254 4254 smus
1272 4209 1308 4253 46
1323 4187 1548 4273 conjunctione
1568 4185 1629 4272 apti

358 4295 427 4361 Cat.
445 4296 478 4364 7,
489 4297 520 4375 4,
529 4293 609 4383 jam
616 4294 770 4383 primum
779 4294 950 4382 jacentus,
967 4291 1070 4386 simul
1081 4314 1120 4358 ac
1137 4293 1356 4383 bellipatieus
1371 4304 1452 4372 erat,
1469 4291 1629 4360 incastris

354 4421 416 4487 per
435 4399 582 4466 laborem
598 4421 660 4466 usu
678 4399 834 4466 militiam
849 4399 993 4466 discebat
1006 4401 1028 4480 ¹,
1044 4401 1096 4468 ubi
1111 4399 1213 4466 simui
1223 4423 1262 4466 ae
1276 4403 1373 4486 66646
1390 4401 1578 4466 46664664466
1594 4399 1629 4464 de

389 4605 411 4651 4.
429 4600 504 4648 Η666
519 4599 606 4649 locum
620 4615 635 4648 a
650 4597 744 4648 scribis
766 4598 848 4648 variis
861 4597 944 4647 modis
959 4604 1109 4662 corruptum
1124 4599 1161 4648 sic
1176 4599 1365 4649 restituendum
1379 4599 1480 4649 censuit
1500 4597 1626 4648 0466666-

356 4670 406 4720 lius
422 4687 428 4719 ι
443 4672 580 4722 incastris
599 4683 647 4734 per
663 4670 763 4721 laboris
777 4683 867 4732 usum,
884 4685 913 4718 ae
926 4683 975 4734 per
989 4683 1070 4721 usum
1088 4684 1136 4732 pro
1157 4685 1207 4720 usu
1221 4686 1237 4720 a
1255 4669 1380 4720 Sallustio
1394 4671 1510 4735 positum
1532 4675 1625 4727 censet,

355 4757 455 4791 morem
470 4757 545 4790 auum
561 4747 660 4800 666646,
672 4756 723 4804 quo
736 4755 786 4804 per
801 4747 827 4790 et
841 4744 1017 4791 accusativum
1033 4755 1080 4806 pro
1095 4741 1208 4790 ablativo
1223 4743 1291 4791 modi
1308 4743 1405 4806 saepius
1419 4741 1552 4792 adhibeat.
