3666 5724
910 455 1084 514 ..82-

362 599 400 664 ad
413 596 557 687 plebem,
575 617 632 685 per
645 600 771 684 synesin
781 601 1015 667 constructione
1026 601 1183 679 adbibita,
1201 600 1398 667 referendam
1411 621 1480 667 eam
1491 611 1639 680 censent,

362 705 394 776 id
413 705 498 792 quod
516 724 644 771 sensum
663 724 851 790 magnopere
869 716 983 785 mutat,
1005 707 1031 773 si
1049 727 1106 793 per
1124 718 1244 773 ceteros
1264 707 1488 793 intelligantur
1508 708 1639 774 nobiles

361 813 416 898 qui
429 811 634 897 magistratus
649 823 790 877 tenentes
809 811 912 897 plebei
929 813 1071 879 lavarent
1087 823 1142 879 aut
1158 815 1263 879 minus
1280 814 1426 880 ferociter
1439 823 1637 881 coercerent.

361 921 588 987 Dilficultatem
609 920 750 1005 praebent
774 921 870 984 verba
890 939 996 1007 qao...
1014 918 1182 1007 placidias
1201 931 1393 998 tractarent,
1417 941 1489 987 cum
1514 922 1569 987 alii
1595 921 1641 986 ad

362 1026 436 1115 ipsi,
455 1028 510 1093 aiii
527 1027 566 1093 ad
582 1037 702 1092 ceteros
722 1046 760 1092 ea
774 1028 893 1093 reterre
907 1026 1034 1105 malint,
1060 1047 1095 1093 ac
1118 1027 1213 1094 verba
1227 1028 1295 1112 ipsa
1313 1025 1479 1117 placidiae
1493 1039 1644 1094 tractare

362 1135 512 1220 pluribus
524 1133 626 1200 modis
636 1145 748 1199 renata
763 1134 894 1200 fuerint.
907 1133 1082 1218 Opiniones
1094 1133 1236 1200 diversas
1249 1145 1394 1201 excutere
1407 1137 1531 1218 longius
1542 1145 1641 1213 esset,

363 1261 466 1327 neque
482 1240 559 1306 adeo
575 1260 697 1327 magnae
714 1240 880 1319 utilitatis;
899 1241 1178 1326 interpretationes
1194 1241 1292 1327 igitur
1306 1261 1359 1306 eas
1374 1251 1497 1306 tantum
1511 1261 1582 1327 quae
1597 1241 1643 1306 ad

363 1348 442 1414 duas
466 1348 640 1432 scripturas
664 1348 821 1431 pertinere
846 1348 961 1412 melius
983 1347 1145 1425 ridentur,
1174 1349 1311 1414 breviter
1339 1349 1390 1414 bic
1413 1367 1580 1434 exponam.
1603 1348 1641 1413 Si

363 1455 553 1539 scripturam
568 1453 712 1519 Ritscblii
733 1454 881 1538 accipias,
902 1473 1012 1520 sensus
1027 1464 1097 1520 est:
1123 1481 1135 1513 r
1159 1455 1252 1540 pauci
1278 1465 1420 1540 potentes
1441 1465 1560 1520 ceteros
1574 1475 1644 1520 om-

363 1581 419 1626 nes
439 1562 600 1627 terrebant
619 1560 815 1646 judiciorum
834 1570 933 1637 metu,
957 1560 1026 1647 qui,
1042 1563 1265 1626 auctoritatem
1284 1565 1426 1646 ipsorum
1446 1581 1509 1627 non
1524 1561 1641 1640 secuti,

364 1667 463 1734 libere
477 1668 681 1753 magistratus
704 1668 956 1754 (praesertimque
981 1668 1206 1752 tribunatum),
1233 1678 1425 1746 exercerent,
1453 1687 1488 1733 ar
1510 1669 1640 1753 plebem

363 1774 502 1859 quodam
516 1773 609 1839 modo
627 1773 728 1838 lenius
743 1774 907 1839 haberent.
927 1800 939 1833 s
960 1775 1014 1840 Sin
1026 1795 1099 1840 vero
1111 1776 1271 1861 vulgarem
1290 1775 1455 1841 lectionem
1474 1773 1638 1860 praeferas,

364 1881 408 1946 sic
427 1879 670 1965 intelligendum
686 1880 764 1945 mibi
783 1881 933 1946 ridetur:
954 1908 965 1940 r
986 1881 1081 1946 Pauci
1100 1891 1240 1966 potentes
1253 1880 1450 1968 judiciorum
1471 1889 1555 1946 metu
1575 1891 1643 1947 ter-

363 1988 476 2053 rebant
489 1996 607 2062 oeteros
624 1988 681 2072 (sc.
699 1986 801 2072 piebis
813 1987 993 2054 defensores
1011 2007 1045 2052 ac
1061 1988 1227 2072 lautores),
1242 1997 1276 2054 ut
1291 1989 1325 2066 ii,
1342 1987 1419 2053 dum
1432 1987 1641 2073 magistratus

363 2104 557 2171 exercerent,
588 2095 744 2178 populum
770 2096 921 2160 adversus
941 2095 1064 2160 nobiles
1089 2093 1196 2160 minus
1220 2096 1427 2161 concitarent.
1450 2096 1552 2175 Quam
1570 2094 1643 2180 qui-

363 2202 436 2267 dem
465 2200 761 2286 interpretationem
780 2201 886 2266 minus
917 2199 1031 2267 durant
1058 2202 1223 2287 magisque
1243 2201 1406 2267 codicibus
1433 2202 1564 2288 optimis
1589 2221 1641 2266 ac-

364 2308 594 2374 commodatam
610 2326 733 2386 censeo,
755 2308 812 2373 etsi
833 2317 977 2393 superest
996 2308 1099 2374 adhue
1121 2309 1287 2374 obscurius
1304 2307 1441 2394 aliquid.
1459 2308 1641 2373 Lectionem

363 2414 495 2482 Jordani
519 2414 708 2480 servandam
729 2415 886 2493 existimo,
908 2414 969 2480 nisi
997 2414 1081 2500 quod
1106 2416 1264 2501 particula
1293 2433 1357 2502 qne
1382 2414 1559 2501 elegantius
1583 2413 1643 2480 dc-

366 2524 487 2600 leatur3
504 2539 673 2607 uocemque
704 2541 818 2586 eoram
839 2520 945 2587 ultimi
965 2522 1126 2588 enuntiati
1144 2520 1184 2587 ad
1208 2518 1344 2609 plebem
1371 2521 1486 2595 resero,
1520 2539 1643 2586 novum
1752 2595 1761 2604 ‚

365 2628 610 2695 constructionis
633 2647 690 2713 per
713 2628 838 2713 synesin
858 2631 1051 2713 exemplam.

411 2735 557 2820 Legimus
575 2734 644 2800 Cot.
668 2735 722 2807 ta,
741 2737 771 2812 l,
793 2753 831 2799 eo
844 2733 937 2822 cipeto
954 2754 1121 2822 procoma
1141 2743 1233 2798 nocte
1253 2745 1359 2799 cetera
1373 2729 1552 2798 multitado
1567 2753 1644 2798 con·

364 2841 537 2928 jurationis
564 2861 662 2906 eccam
687 2840 824 2930 quisque
847 2841 1015 2928 negotium
1037 2851 1277 2928 acceptaretur.
1300 2837 1368 2906 Sed
1385 2860 1422 2905 ea
1452 2837 1558 2905 divisa
1579 2838 1645 2906 boe

366 2946 465 3018 modo
480 2946 686 3028 dicebantur,
713 2947 766 3012 ubi
787 2967 826 3011 ea
852 2968 907 3033 per
931 2949 1056 3033 synesin
1084 2947 1201 3033 [ilurali
1226 2965 1359 3012 numero
1382 2947 1525 3031 ponitur,
1549 2947 1642 3031 quia,

368 3067 497 3141 proptor
514 3055 712 3121 collectivum
729 3072 842 3119 nomen
867 3052 1121 3141 conjurationis,
1138 3053 1222 3138 quod
1238 3052 1323 3118 idem
1343 3061 1389 3118 est
1413 3066 1508 3138 atqua
1522 3052 1644 3140 conja-

366 3171 530 3242 ratoram,
544 3162 583 3226 ad
593 3162 703 3248 plures
715 3179 765 3226 res
780 3158 1091 3246 deferturcogitatio.
1108 3161 1256 3226 Ceterum
1267 3157 1446 3225 mattiacdo
1458 3180 1476 3224 a
1487 3160 1643 3224 Sallustio

368 3287 492 3354 semper
516 3277 647 3334 numero
667 3266 823 3352 singulari
851 3277 1039 3354 usurpatum
1063 3277 1120 3344 est,
1145 3266 1278 3351 ideoque
1296 3266 1429 3331 verbum
1454 3285 1642 3353 caecqacre·

369 3375 516 3441 territam
543 3374 700 3460 singulari
731 3374 805 3460 poni
828 3371 982 3450 debebat3
1014 3393 1086 3437 nam
1106 3371 1245 3459 pacisque
1268 3391 1456 3457 pronomen,
1483 3382 1518 3438 ut
1543 3391 1644 3458 supra

367 3481 664 3560 demonstravimus,
690 3481 770 3546 nibil
794 3482 879 3546 vaiet
905 3479 945 3546 ad
973 3499 1071 3565 genus
1091 3479 1176 3544 uerbi
1193 3479 1413 3545 indicandum.

412 3589 628 3654 auocauere
644 3607 715 3673 quae
738 3599 918 3673 sequuntur
933 3588 1028 3672 paulo
1044 3584 1215 3652 audaciora
1230 3596 1304 3652 sunt
1322 3609 1330 3651 :
1386 3645 1392 3656 .

413 3695 487 3760 Post
500 3683 598 3760 verba
615 3715 656 3759 ec
675 3715 711 3760 eo
730 3715 880 3773 numero,
900 3694 925 3758 si
941 3693 1143 3759 enuntiatum
1163 3693 1330 3758 relativum
1348 3700 1513 3776 sequatur,
1530 3710 1644 3777 prono-

369 3821 521 3868 mennon
544 3821 616 3867 cum
636 3820 710 3866 voce
729 3821 879 3880 numero,
905 3800 958 3866 sed
973 3819 1044 3866 cum
1070 3800 1108 3866 iis
1121 3799 1278 3886 personis,
1305 3799 1422 3883 quibus
1447 3807 1570 3863 constat
1586 3819 1644 3864 nu-

369 3927 489 3986 merus,
507 3907 663 3994 congruit,
685 3907 775 3992 quasi
795 3926 852 3991 pro
875 3928 912 3972 eo
927 3907 1084 3991 genitivus
1105 3905 1240 3994 pluralis
1261 3905 1429 3971 masculini
1450 3913 1643 3992 usurpatum

370 4025 453 4082 esset
475 4037 482 4079 :
506 4014 577 4098 lug.
607 4013 661 4092 35,
683 4014 717 4093 6,
739 4012 842 4100 igitar
865 4025 951 4079 alnas
974 4033 1011 4080 ex
1032 4034 1069 4080 eo
1088 4033 1220 4081 numero
1247 4011 1307 4099 qai
1324 4009 1371 4077 ad
1391 4010 1511 4077 eaedem
1527 4012 1647 4100 parati

369 4121 572 4206 erant31ug.
591 4121 645 4200 38,
663 4121 695 4200 6,
711 4118 769 4186 sed
786 4140 822 4186 ox
842 4139 878 4186 co
899 4139 1032 4186 nurnero
1051 4141 1133 4208 qnos
1146 4117 1253 4208 paulo
1272 4127 1349 4183 ante
1364 4130 1539 4207 conruptos
1554 4116 1641 4183 atat-

369 4250 453 4308 mac,
475 4227 590 4293 cohors
606 4247 686 4292 nna.
704 4228 751 4293 ut.
769 4228 834 4294 Cic.
853 4247 910 4312 pro
933 4227 1061 4304 Archia,
1082 4227 1122 4291 13
1140 4227 1193 4312 (ea
1215 4246 1251 4290 eo
1266 4245 1403 4290 ttamero
1418 4224 1478 4312 qai
1493 4224 1645 4290 srcntba-

372 4333 460 4418 tlct);
479 4335 591 4420 Agrar.
610 4355 644 4412 11,
668 4337 721 4414 tt,
745 4335 798 4411 37,
822 4344 852 4398 et
867 4333 911 4399 de
931 4333 985 4398 tin.
1004 4353 1049 4410 ru,
1074 4333 1128 4409 31,
1157 4333 1200 4397 70
1215 4333 1268 4414 (ec
1283 4353 1321 4396 eo
1340 4353 1458 4419 pergere
1477 4351 1550 4420 qaae
1569 4349 1646 4418 pro·

370 4442 475 4528 cunt).
506 4443 653 4508 Ceterum
672 4442 739 4505 sine
763 4440 896 4505 relativo
922 4439 1088 4505 enuntiato
1112 4451 1263 4524 sequente
1286 4438 1432 4524 pluribus
1455 4438 1532 4503 locis
1547 4457 1589 4502 aa
1607 4460 1645 4503 eo

371 4569 508 4614 numero
525 4551 613 4633 ponit
628 4548 819 4614 Sallustius:
833 4547 901 4612 Cat.
923 4547 976 4624 bb,
996 4546 1035 4623 33
1053 4547 1122 4630 Jug.
1143 4545 1196 4621 18,
1216 4546 1268 4611 lb.
1285 4545 1373 4610 Adde
1388 4546 1415 4610 J.
1435 4545 1490 4623 tlt,
1506 4546 1525 4610 b
1543 4543 1592 4628 (in
1606 4565 1645 4610 eo

371 4659 544 4738 numere);
566 4657 635 4722 Cat.
654 4657 708 4734 33,
724 4655 744 4720 3
763 4658 817 4729 lec
828 4674 888 4718 sao
908 4655 1072 4738 numero).
1090 4653 1137 4719 Ci.
1155 4675 1194 4718 ea
1207 4651 1332 4741 pratia,
1349 4673 1387 4718 ea
1402 4672 1514 4732 cauca,
1532 4672 1568 4716 eo
1584 4649 1642 4718 do·

372 4761 440 4828 lore
454 4772 529 4841 eta,
543 4761 658 4828 atride
672 4771 783 4846 s'upra,
796 4779 871 4845 pars
886 4761 925 4837 li,
944 4779 1013 4844 cap.
1032 4781 1081 4839 nr,
1097 4761 1114 4844 5
1127 4760 1159 4825 5.
