3534 5720
671 445 869 502 -497-

165 600 200 663 Β.
228 633 274 646 -
295 598 474 664 4100004444
499 617 715 664 400000440οι4
736 599 840 662 varias
857 598 975 666 formas
992 596 1142 662 induunt.

165 703 244 769 Cum
261 703 509 769 demonstrativo
522 702 581 776 ita,
599 703 786 791 utquisque
800 703 849 770 bis
864 712 989 768 tantum
1002 724 1020 767 a
1033 703 1186 768 Sallustio
1200 711 1395 787 usurpatur:

124 813 138 875 J
143 831 192 897 ug.
210 811 267 888 93,
286 812 318 888 7,
335 831 477 898 quorum
492 810 544 875 uti
554 809 715 898 cujusque
730 809 899 897 supertiam
914 820 996 888 erat,
1014 809 1061 874 ita
1073 829 1142 875 rem
1156 807 1325 898 difficilem
1340 820 1400 874 aut

121 915 256 1005 facilem
276 915 485 998 urrutioocrc;
508 937 579 982 oum
597 917 792 1001 superlativo
813 918 845 981 in
866 917 999 982 relativo
1019 916 1174 994 membro,
1190 918 1261 1000 Jug.
1283 915 1339 990 84,
1364 917 1395 994 4,

26 1043 27 1046 ’
120 1024 256 1112 postuti
268 1022 404 1111 quisquc
419 1022 685 1110 opulentissimus
699 1020 863 1102 uideatur,
881 1021 929 1087 ita
938 1021 1098 1089 Romanis
1112 1021 1237 1087 hostem
1250 1021 1325 1109 fore
1341 1045 1349 1100 ;
1367 1034 1399 1087 at

123 1133 188 1196 sino
202 1130 452 1196 demonstrativo
463 1131 564 1196 multo
580 1129 698 1216 saepius
715 1125 725 1194 :¹
741 1130 810 1196 ssat.
828 1131 859 1206 4,
878 1131 914 1207 9;
936 1131 989 1206 44,
1002 1130 1040 1208 6;
1059 1131 1114 1205 54,
1132 1130 1191 1208 33;
1209 1129 1263 1208 56,
1281 1129 1301 1194 9
1317 1129 1396 1208 043;

122 1238 189 1322 Jug.
208 1237 263 1313 96,
282 1237 318 1316 3;
342 1237 397 1316 44,
413 1237 452 1315 8;
471 1238 525 1315 44,
543 1238 579 1314 5;
602 1237 656 1315 49,
675 1239 710 1315 4;
730 1236 785 1316 60,
811 1238 847 1316 4;
868 1237 925 1314 86,
942 1239 978 1314 9;
998 1237 1054 1314 97,
1072 1237 1108 1315 4;
1126 1236 1206 1300 44444.
1224 1257 1247 1313 ι,
1270 1235 1323 1313 44,
1344 1232 1402 1300 sed

122 1343 171 1409 uti
183 1342 323 1430 quisque
339 1341 626 1431 locupletissumus
641 1354 672 1408 et
683 1341 812 1431 injuria
825 1340 980 1416 ualidior,
998 1341 1079 1430 quia
1091 1340 1268 1430 praeseutia
1283 1339 1399 1430 desert·
1501 1377 1503 1382 v

122 1448 230 1530 debat,
247 1470 312 1538 pro
328 1448 412 1515 bono
432 1447 625 1530 ducebatur,
644 1450 696 1515 ubi
712 1451 927 1534 superlativus
941 1461 972 1514 04
987 1449 1222 1535 comparativus
1234 1449 1327 1536 juxta
1341 1467 1398 1534 po-

122 1557 188 1636 siti;
205 1576 278 1622 oum
295 1557 503 1641 superlativo,
518 1556 589 1640 Jug.
604 1557 660 1637 94,
682 1558 715 1636 5,
738 1554 856 1622 deiude
875 1557 927 1622 uti
945 1555 1083 1644 quisque
1102 1577 1198 1621 muro
1207 1575 1399 1644 prosumus

122 1673 200 1744 0404,
210 1673 383 1752 postremo
399 1661 509 1728 cuncti
522 1663 647 1728 armati
659 1661 873 1751 inermesque.

165 1771 237 1850 Quo
252 1805 296 1818 —
307 1789 357 1849 00,
370 1778 520 1855 sequente
529 1770 757 1855 comparativo,
770 1790 833 1836 000
846 1769 890 1835 440
901 1770 1051 1856 frequens
1064 1770 1179 1854 iegitur
1192 1792 1199 1834 :
1214 1769 1282 1836 Cat.
1296 1769 1351 1846 54,
1362 1768 1396 1848 6,

123 1875 167 1940 440
181 1896 248 1963 quo
263 1875 374 1941 miuus
384 1873 517 1963 petebat
525 1875 681 1963 ylariani,
698 1897 735 1941 eo
751 1875 859 1963 mapis
874 1874 1277 1963 illamsequebatur31ug.
1291 1874 1346 1953 85,
1362 1875 1396 1952 9,

122 2004 195 2048 uam
208 2003 277 2070 quo
286 1980 399 2070 pluris
409 1993 455 2048 est
467 1980 625 2048 univorsa
640 1981 838 2072 respublica
849 2004 952 2070 quam
962 1981 1152 2048 consulatus
1162 1993 1224 2048 aut
1231 1993 1394 2072 paratura,

123 2110 155 2153 00
169 2089 303 2177 majore
318 2109 399 2154 cura
413 2086 506 2153 illam
517 2087 749 2155 administrari
762 2111 864 2176 quam
879 2089 948 2155 hacc
958 2089 1030 2177 peti
1044 2087 1177 2168 debere3
1194 2089 1235 2154 cf.
1252 2090 1324 2168 400.
1340 2090 1395 2168 99,
1441 2153 1446 2164 ,

26 2189 27 2282 s
122 2195 154 2275 33
170 2197 224 2276 55,
243 2198 280 2275 44;
299 2216 469 2283 eo-qao
483 2197 553 2280 Jug.
573 2197 628 2275 34,
647 2197 699 2262 47.
712 2196 893 2282 -Saopius
905 2215 980 2262 vero
991 2197 1165 2262 Sallustius
1176 2195 1397 2262 domonstrati-

26 2305 27 2342 ³
123 2323 191 2368 vum
206 2302 361 2382 detrahit,
377 2313 484 2389 atquo
496 2322 552 2387 pro
564 2323 599 2368 eo
614 2303 706 2368 initio
721 2303 842 2389 periodi
856 2303 945 2388 ponit
957 2313 991 2368 04
1002 2322 1073 2368 cum
1085 2322 1258 2388 praegresso
1269 2301 1395 2388 jungat,

26 2425 27 2472 3
122 2410 203 2474 40404
219 2410 291 2476 Cat.
316 2410 347 2488 4,
365 2410 397 2486 3,
417 2407 559 2474 alterum
579 2407 672 2475 uobis
686 2430 761 2474 cum
774 2407 837 2488 dis,
853 2408 997 2474 alterum
1017 2430 1091 2475 cum
1108 2407 1211 2475 beluis
1225 2430 1397 2476 commuue

26 2513 27 2520 ’
123 2526 173 2580 cst.
192 2516 268 2598 Quo
279 2515 365 2581 milri
377 2515 498 2581 rectius
511 2513 642 2581 uidetur
654 2514 768 2604 inperii
777 2537 879 2604 quam
889 2514 1010 2582 virium
1026 2515 1144 2606 apibus
1153 2515 1297 2604 ploriam
1312 2537 1396 2604 quae

122 2643 186 2686 rere
200 2624 229 2702 ¹;
249 2623 288 2688 04.
305 2624 359 2701 37,
377 2623 414 2702 8;
432 2624 486 2700 59,
501 2623 559 2695 35;
577 2623 632 2702 58,
647 2624 704 2701 49;
721 2625 792 2708 Jug.
809 2625 841 2695 9,
860 2625 896 2703 4,
910 2624 964 2704 44,
978 2624 1035 2702 49;
1049 2623 1103 2699 85,
1116 2625 1154 2702 6;
1169 2625 1247 2689 Hist.
1262 2623 1324 2689 inc.
1338 2625 1392 2690 99.

162 2729 359 2810 Quanto-
384 2740 475 2794 tauto
503 2751 520 2794 a
547 2749 612 2816 quo
636 2765 682 2780 -
707 2751 743 2796 00
770 2749 832 2794 000
855 2732 994 2796 multum
1020 2730 1138 2806 (4444044,
1165 2731 1208 2796 440
1234 2743 1337 2796 tamen
1361 2741 1396 2796 04

26 2869 28 2910 t
125 2847 244 2921 quauta
257 2871 304 2886 -
318 2846 409 2902 tauto
422 2837 584 2902 notionem
599 2836 716 2922 gradus
733 2836 868 2915 addant3
885 2837 976 2922 cujus
990 2837 1234 2903 constructionis
1248 2839 1313 2904 haec
1329 2850 1396 2902 400-

27 2929 28 2940 ’
126 2953 185 3007 tum
203 2953 345 3030 quatuor
364 2943 509 3028 exempla
525 2943 631 3008 inveni
651 2965 658 3008 :
678 2944 747 3010 Cat.
766 2945 820 3015 59,
844 2943 901 3016 48;
922 2945 992 3042 Jug.
1012 2944 1068 3023 85,
1084 2945 1143 3020 99;
1163 2945 1238 3023 407,
1257 2946 1292 3022 4;
1311 2945 1391 3009 Η444.

125 3069 144 3126 ι,
155 3050 206 3127 54,
225 3051 285 3128 47;
304 3059 336 3114 04
348 3049 428 3114 Hist.
445 3070 492 3128 ιιι,
504 3050 559 3126 89,
578 3050 610 3126 3,
624 3071 730 3137 neque
744 3071 796 3115 rue
806 3049 957 3138 preterit
971 3061 1113 3138 quantas
1127 3071 1203 3139 opes
1218 3089 1272 3131 -,
1290 3072 1393 3139 quou-

27 3225 29 3244 1
126 3164 213 3242 toque
228 3154 331 3220 tectius
342 3155 449 3244 factio
459 3156 637 3222 noeriorum
650 3167 731 3243 apat
744 3178 847 3243 quam
860 3155 925 3222 soli
936 3155 1133 3236 innocentes,
1151 3160 1175 3222 si
1193 3159 1294 3223 oratio
1311 3169 1391 3224 40040

125 3272 209 3341 04404,
232 3274 357 3350 quanto
379 3263 411 3327 40
430 3261 535 3328 multo
553 3272 744 3329 mutaretur.

166 3369 271 3449 Qucum
286 3407 328 3417 —
344 3380 426 3449 tam,
443 3381 594 3454 sequente
610 3369 819 3455 superlativo,
835 3371 1013 3437 auctionem
1031 3371 1212 3450 relativam,
1229 3384 1264 3436 04
1278 3381 1309 3436 04
1328 3391 1393 3457 quo
1498 3399 1502 3405 ·

126 3507 162 3523 -
185 3497 220 3541 eo
244 3488 399 3563 sequente
420 3476 649 3560 comparativo,
674 3476 832 3562 designat,
862 3488 904 3556 04,
933 3488 967 3543 04
991 3477 1128 3556 videtur,
1156 3479 1393 3562 antiquioribus

126 3581 323 3668 scriptoribus
339 3582 505 3668 proprium
521 3583 596 3661 fuit3
618 3584 671 3670 (44.
690 3585 761 3649 Ter.
776 3585 872 3650 Haut.
891 3606 921 3661 v,
938 3585 971 3661 9,
986 3587 1045 3665 44;
1067 3586 1126 3650 Ad.
1144 3606 1190 3665 ιιι,
1207 3587 1239 3664 4,
1257 3586 1317 3666 56,
1338 3587 1394 3651 Ca·

28 3681 29 3686 ’
127 3695 184 3753 400.
202 3689 239 3756 de
256 3710 289 3756 40
305 3700 386 3755 4044.
404 3691 459 3768 65,
480 3692 546 3755 904
568 3692 644 3770 457,
659 3690 696 3770 8;
715 3691 828 3776 fragm.
847 3711 879 3776 p.
897 3693 952 3767 85,
971 3692 1182 3777 9(4044400.);
1202 3692 1335 3758 Varron.
1354 3693 1392 3758 de

127 3810 243 3863 404044.
263 3819 299 3876 ιι,
316 3797 362 3881 9).
380 3799 491 3864 Postea
507 3817 581 3863 vero
598 3783 637 3863 ad
653 3797 739 3863 huuc
754 3818 848 3863 usum
863 3797 1014 3864 adhibitae
1030 3809 1104 3864 snut
1124 3811 1160 3865 ut
1177 3797 1281 3864 -ita
1297 3799 1392 3884 parti·

126 3901 208 3975 00440,
219 3924 293 3990 qnae
308 3904 439 3990 quidem
453 3901 827 3990 modioomparatiouem
839 3905 1023 3985 instituunt,
1037 3883 1158 3991 prioris
1169 3926 1243 3972 vero
1255 3909 1338 3990 (tam
1350 3941 1393 3955 -

126 4010 232 4097 quam)
250 4011 521 4096 comparationem
536 4011 654 4097 gradus
670 4012 848 4097 designant.
871 4014 934 4078 Hoo
950 4022 1054 4079 antem
1071 4033 1171 4079 unum
1191 4013 1394 4078 constructio-

152 4219 173 4266 4.
185 4219 356 4270 Gruendeiius
371 4221 413 4284 qui
431 4221 602 4285 (Quaestiones
617 4223 784 4273 Sallustianae
800 4239 825 4288 p.
844 4224 940 4288 6400.)
958 4224 989 4273 de
1003 4219 1126 4275 hocloco
1141 4226 1224 4275 fusius
1239 4224 1391 4288 disputavit,

126 4297 171 4363 quo
182 4305 226 4353 pro
237 4296 262 4340 et
273 4304 303 4341 ca
316 4292 348 4342 de
362 4291 444 4342 revel
459 4295 486 4343 04
497 4297 650 4355 propterca
664 4294 776 4357 positum
792 4299 889 4354 000404,
904 4294 1041 4343 0004040οε
1053 4309 1112 4345 cum
1126 4295 1160 4344 iis
1175 4296 1240 4345 locis
1251 4295 1344 4358 quibus
1360 4308 1392 4346 eo

127 4356 186 4407 idem
200 4361 266 4424 quod
280 4362 340 4413 idco
354 4362 441 4411 valere
456 4364 624 4426 perspicuum
639 4370 686 4418 est.
702 4371 730 4414 04
745 4365 801 4413 Cat.
814 4368 853 4420 20,
869 4368 892 4425 3,
906 4365 952 4416 sed
964 4364 1024 4428 0040
1034 4367 1128 4418 multis
1137 4371 1161 4417 rt
1170 4369 1275 4429 mappis
1285 4369 1392 4430 temper·

127 4429 215 4482 tatibus
231 4446 278 4484 aas
296 4433 409 4496 copuoui
423 4433 501 4499 fortis
513 4432 631 4499 pictosque
649 4434 724 4496 404444,
740 4450 771 4484 ao
788 4438 893 4486 natatus
909 4449 994 4488 ausus
1009 4442 1048 4486 est
1065 4451 1224 4489 martimum
1238 4441 1316 4500 atque
1330 4439 1391 4500 put-

126 4495 283 4554 cherruruum
298 4503 409 4568 saciatus
424 4509 554 4570 iunipere;
568 4507 612 4569 404.
628 4506 656 4556 C.
672 4509 710 4565 59,
725 4507 807 4569 44;..4
824 4509 862 4564 94,
879 4508 927 4570 to).
944 4508 1042 4557 Eodem
1055 4509 1132 4557 modo
1146 4508 1257 4573 explicat
1272 4521 1326 4573 quo
1342 4508 1390 4573 (404

126 4569 166 4632 eo),
182 4572 202 4621 si
215 4589 282 4623 unus
298 4576 489 4639 comparativus
504 4582 637 4640 sequatur,
653 4584 681 4626 04
696 4577 751 4627 Cat.
766 4580 805 4640 43,
820 4581 844 4638 5,
860 4579 969 4629 artimus
980 4580 1090 4632 maurus
1104 4581 1184 4632 malis
1202 4581 1304 4631 artibus
1319 4579 1392 4631 tana

127 4638 194 4692 400440
209 4646 374 4696 lubidinibus
385 4643 506 4710 carebat,
522 4662 553 4700 00
567 4647 711 4712 profusius
725 4650 846 4701 omuibus
856 4650 1062 4714 modisquastat
1071 4655 1149 4714 atque
1158 4653 1278 4713 sumptui
1288 4651 1391 4701 deditus

128 4716 189 4763 erat.
202 4716 249 4779 (Cf.
266 4716 294 4766 C.
309 4720 349 4776 34,
364 4719 392 4777 8;
405 4721 444 4779 52,
458 4721 487 4769 46
502 4727 528 4768 04
540 4722 583 4778 35;
599 4722 639 4779 58,
653 4724 695 4781 42;
707 4721 731 4770 4.
746 4723 769 4782 9,
783 4724 850 4784 4;3,
867 4727 894 4781 4;
910 4724 949 4777 tt.
964 4724 1008 4783 49;
1024 4725 1062 4783 55,
1078 4725 1107 4784 2;
1122 4726 1162 4784 64,
1174 4726 1202 4784 6;
1216 4727 1254 4784 86,
1268 4725 1297 4782 6;
1310 4726 1348 4784 65,
1362 4725 1391 4784 6;

129 4780 161 4840 94,
173 4787 202 4846 6).
216 4786 294 4850 Cujus
308 4788 427 4852 equidem
443 4789 591 4853 opinionem
606 4806 658 4840 non
673 4806 779 4857 possum
794 4792 857 4855 quin
872 4793 1023 4857 amplectar.
