3534 5720
912 448 1107 505 -388-

373 591 476 658 arinis
487 603 654 710 33333333,
671 587 809 656 domiol
776 590 880 656 olium
898 613 920 656 3
922 602 998 678 tque
1013 589 1194 658 3333333-
1208 589 1404 679 adstruerent,
1424 590 1523 679 suere
1538 602 1641 656 333333

372 699 602 785 3333333333
571 699 695 764 333333.
723 697 755 772 3
784 699 857 774 5;3
863 719 913 783 33.
940 700 973 776 6,
997 702 1034 778 3;
1056 700 1137 764 Hist.
1167 719 1210 778 tv,
1236 700 1348 785 82,9,
1374 735 1417 748 -
1446 699 1478 764 in
1504 699 1642 764 oratioue

373 807 524 892 obliqua:
541 808 612 890 333.
631 806 717 884 3,5;
738 805 858 880 307,.3

417 915 451 979 5ο
475 915 810 985 33333333333333333
841 911 1021 976 concessiva
1041 913 1086 976 vel
1115 911 1314 983 adversativa
1343 911 1577 996 significatione
1600 913 1643 976 le-

371 1022 458 1104 gitur
472 1021 540 1084 Cat.
559 1019 613 1094 35,
631 1018 663 1095 2,
679 1014 808 1094 deirrdo,
825 1028 862 1080 33
876 1016 1014 1104 quisque
1029 1016 1237 1083 voluntarius
1253 1029 1313 1084 333
1327 1040 1368 1084 33
1381 1017 1476 1084 sociis
1491 1016 1644 1082 incastris

372 1138 517 1199 venerat,
532 1122 705 1210 3333333333
722 1121 947 1202 distribuerat,
965 1145 1003 1189 33
1020 1161 1064 1174 -
1076 1123 1277 1212 3333333333,
1295 1147 1372 1190 cum
1389 1123 1484 1190 initio
1500 1135 1568 1190 rtort
1579 1145 1644 1188 333-

364 1232 458 1322 plius
472 1228 599 1296 duobus
612 1227 746 1294 milibus
761 1227 942 1305 3333333333
965 1267 1008 1280 —-
1023 1231 1054 1295 in
1074 1233 1218 1296 oratione
1239 1232 1384 1316 obliqua,
1403 1233 1455 1297 ubi
1475 1232 1507 1296 in
1528 1232 1643 1296 directa
1747 1319 1748 1322 Ἴ

371 1342 515 1406 futurum
531 1348 674 1401 exactum
699 1336 833 1420 positum
860 1337 981 1412 luisset,
1003 1339 1074 1421 lug.
1095 1339 1171 1416 lte,
1198 1338 1231 1414 3,
1260 1360 1335 1402 cum
1356 1340 1456 1404 talem
1480 1335 1589 1402 virum
1614 1337 1645 1400 iu

367 1457 460 1532 potes
463 1455 562 1510 tutem
585 1440 801 1521 debiliorem
788 1453 859 1548 3333.
884 1442 960 1527 fore
996 1455 1044 1508 333
1066 1442 1295 1529 333333333333
1322 1455 1383 1510 333
1395 1443 1520 1532 populi
1537 1442 1645 1530 [33333
1748 1435 1749 1440 ’

367 1552 514 1639 fierem
499 1552 622 1616 el..Cat
643 1551 697 1628 33,
717 1551 747 1613 3.

415 1687 504 1730 3.
529 1667 596 1732 Con
616 1686 777 1731 mvnusuu.
799 1665 1037 1751 Nonnunquam
1059 1669 1219 1752 praecipua
1240 1669 1320 1734 aetio
1338 1668 1645 1753 conjunctionecum

371 1774 503 1838 minoris
519 1773 667 1838 momenti
694 1772 787 1838 rebus
808 1773 1009 1857 adjungitur,
1029 1774 1072 1838 ita
1093 1785 1127 1838 ut
1149 1774 1554 1840 ratio-enunciatorumsin
1575 1793 1643 1838 con-

371 1883 543 1945 struotione
560 1879 751 1957 intentatum
767 1865 931 1944 turturem
949 1899 1037 1964 prius
1052 1881 1183 1946 verbum
1203 1881 1383 1966 imperfecto
1399 1883 1444 1946 vel
1463 1883 1631 1967 plusquam

372 1988 520 2071 perlecto,
548 1987 703 2071 posterius
730 1987 864 2069 perlecto
891 1985 1046 2052 uarr'str'co
1068 1989 1115 2051 rel
1149 1989 1294 2070 praesenti
1324 1988 1474 2053 historico
1506 1988 1642 2072 ponitur,

371 2093 425 2159 sed
445 2113 568 2178 semper
588 2092 771 2158 indicativo.
793 2093 887 2176 Apud
905 2094 1094 2159 Sallustium
1118 2095 1183 2160 hren
1200 2097 1344 2178 exempla
1369 2097 1457 2160 illius
1486 2104 1642 2160 construo-

372 2202 465 2265 tionis
483 2200 671 2274 invenimus,
682 2200 748 2285 jam
764 2200 1003 2283 supralaudato
1017 2223 1024 2264 :
1038 2201 1410 2289 cumimpersectodng.
1428 2202 1484 2267 393
1496 2253 1503 2279 ,
1517 2202 1557 2276 8;
1573 2201 1641 2270 306.

370 2309 408 2385 5;
431 2326 502 2370 ierim
518 2303 855 2393 plusquamperfecto,
876 2308 947 2390 333.
969 2306 1024 2382 ott,
1044 2309 1076 2372 5,
1100 2309 1280 2373 Notandum
1296 2320 1402 2372 autem
1423 2319 1470 2374 est
1487 2327 1638 2392 nusquam
1747 2309 1749 2384 ζ

371 2414 522 2478 33333333
537 2411 656 2482 subito,
673 2423 817 2500 3333333,
836 2414 968 2488 sinnida,
989 2426 1021 2477 nt
1040 2417 1131 2489 solrt,
1155 2415 1299 2478 Sallustii
1322 2415 1475 2498 exemplis
1496 2414 1640 2502 adjuncta
1748 2405 1749 2424 ¹

372 2521 535 2604 perticata
549 2541 625 2584 cum
641 2539 822 2597 ocou1·roro;
840 2520 893 2584 sed
911 2519 1077 2604 ejusmodi
1093 2521 1285 2585 constructio
1305 2531 1352 2585 est
1371 2541 1409 2584 33
1428 2540 1492 2605 qua
1512 2541 1588 2584 eum
1602 2519 1640 2582 iu-

372 2625 467 2692 terim
488 2638 557 2710 post
579 2625 770 2689 infinitivum
796 2626 981 2691 historicum
999 2629 1139 2710 ponitur,
1167 2639 1199 2690 33
1217 2628 1288 2712 333.
1317 2629 1370 2700 33,
1396 2628 1435 2702 5;
1459 2627 1514 2702 39,
1534 2629 1565 2691 3.
1585 2627 1637 2708 (tt.

371 2752 584 2826 supr·a‚pu1·s.
602 2753 650 2811 333,
667 2752 736 2816 cap.
757 2736 799 2815 v).
816 2733 1034 2798 Nostrietionis
1049 2754 1144 2798 nausa
1161 2745 1334 2817 usurpatur
1350 2755 1425 2798 3333
1445 2744 1557 2798 tanuen
1571 2735 1634 2813 333,

372 2839 428 2917 98,
444 2841 476 2916 3,
485 2839 627 2925 jamque
642 2836 709 2903 dies
723 2850 934 2926 consumptus
949 2851 1031 2918 3333,
1053 2860 1124 2904 eum
1145 2849 1248 2906 tamon
1270 2837 1407 2904 barbari
1425 2838 1514 2904 utttt
1534 2838 1638 2904 333333-
1746 2865 1748 2900 z

371 2957 449 3025 tere,
466 2957 565 3030 atquo
579 2983 620 2993 -
636 2945 745 3010 uerius
760 2945 895 3023 instare,
915 2948 967 3011 ubi
989 2948 1162 3012 insolenter
1180 2948 1356 3011 inlinitivus
1371 2947 1543 3012 historicus
1564 2945 1641 3030 posi-

371 3062 422 3117 tus
437 3064 493 3116 est.
512 3051 559 3116 ct.
578 3063 679 3116 tamen
697 3053 762 3116 333.
782 3072 824 3122 33,
842 3053 880 3116 53
895 3076 904 3124 ,·
921 3073 962 3125 33,
981 3054 1035 3120 et.
1053 3053 1108 3138 qui
1120 3073 1195 3118 rum
1208 3051 1341 3118 iraterim
1355 3054 1385 3116 iu
1403 3054 1548 3118 oratione
1562 3052 1640 3116 obli-

371 3180 435 3244 qua
448 3177 518 3222 oum
536 3158 693 3223 infinitivo
710 3160 815 3222 struit.

414 3264 594 3328 Notandum
610 3284 736 3348 quoquo
756 3285 831 3329 3333
853 3263 1042 3330 etiamtum
1065 3265 1096 3329 in
1117 3266 1284 3349 temporali
1307 3265 1476 3330 enunciato
1497 3285 1560 3350 quo
1580 3265 1639 3328 lec-

372 3370 675 3456 tumquotlamt
612 3371 777 3434 3333333333
763 3381 867 3452 3,3333
889 3372 960 3454 333.
976 3371 1035 3446 53
1053 3373 1085 3444 2,
1104 3369 1377 3456 itaquemultrrm
1395 3369 1461 3436 utet
1472 3391 1636 3471 proeesse

371 3488 435 3556 333,
453 3497 523 3542 cum
548 3478 644 3541 etiam
670 3490 736 3542 lum
757 3488 889 3542 33333333
909 3477 944 3541 in
963 3476 1084 3542 incerto
1104 3487 1185 3542 erat.
1163 3478 1258 3542 llll.
1279 3499 1354 3542 rum
1373 3475 1520 3594 reundum
1538 3473 1638 3564 (13333

371 3581 478 3667 dum),
496 3583 579 3667 opud
595 3594 714 3648 cetoros
730 3584 911 3668 scriptores.

415 3688 506 3755 d.-
519 3691 613 3756 Cup..
622 3711 707 3766 3,3,33
725 3690 1638 3777 33333333333333333333333333333,33333333333333333
1746 3731 1747 3752 t

371 3798 524 3883 oppositis
539 3797 906 3874 enunciatisoceurrunt„
923 3809 957 3860 333
972 3817 1055 3881 saepto
1068 3798 1153 3883 apud
1170 3798 1266 3874 alios3
1284 3798 1338 3863 sed
1355 3809 1410 3864 aut
1423 3798 1486 3864 duo
1498 3800 1635 3863 substan·
1744 3813 1746 3826 ’

372 3907 435 3968 tiva
452 3904 534 3969 iuter
553 3924 584 3968 so
602 3903 752 3988 jungunt,
772 3905 889 3987 33333.
911 3905 945 3980 9,
967 3904 999 3980 3,
1023 3925 1099 3968 cum
1118 3903 1239 3968 3333333
1259 3916 1328 3968 tum
1352 3903 1463 3990 pratia
1484 3903 1550 3968 viri
1564 3923 1637 3991 333·
1745 3893 1746 3912 ’

370 4019 494 4084 motum
514 4009 566 4093 (ol.
584 4011 655 4093 333.
678 4010 732 4087 39,
749 4011 788 4088 5,
806 4011 882 4089 303,
901 4010 955 4094 3);
974 4021 1029 4075 333
1046 4011 1109 4076 duo
1125 4010 1394 4075 membradiversi
1416 4011 1552 4094 generis,
1568 4026 1635 4094 quo·

373 4135 443 4180 rum
456 4135 558 4180 unum
572 4105 819 4194 substantivum,
834 4118 970 4181 alterum
986 4127 1083 4182 totum
1101 4117 1307 4182 enunciatum
1324 4117 1430 4192 habet,
1449 4128 1484 4182 ut
1497 4118 1567 4201 333.
1586 4113 1634 4190 33,

371 4224 404 4301 5,
421 4241 545 4308 mappa
559 4243 615 4308 spe
629 4220 762 4302 33333333,
776 4243 848 4287 cum
860 4233 1000 4310 3333333
1014 4223 1095 4288 artis
1111 4222 1213 4289 donus
1227 4234 1297 4290 turm
1313 4243 1471 4288 33333333
1486 4219 1577 4309 quod
1588 4215 1637 4283 ad·

370 4348 502 4393 vorsum
520 4325 653 4392 divitias
668 4327 826 4393 inuictum
844 4328 995 4394 33333333
1013 4329 1158 4417 perabat.
1179 4331 1240 4412 (Cf.
1256 4332 1285 4395 3.
1303 4330 1361 4406 89,
1376 4329 1425 4413 6).
1444 4330 1544 4394 Panlo
1559 4330 1636 4392 inso-
1675 4375 1680 4390 .

371 4436 446 4499 lent
425 4445 488 4501 trus
494 4437 578 4521 333.
596 4436 650 4512 53,
670 4437 702 4511 3,
721 4456 794 4521 333
808 4455 859 4499 res
869 4435 1018 4502 Murrum
1031 4459 1106 4502 eunt
1119 4459 1182 4525 333
1197 4435 1321 4502 honore
1336 4457 1434 4522 33333
1453 4430 1637 4523 adfectabat
1661 4465 1663 4472 ·

372 4552 442 4607 tum
458 4553 573 4606 3333333
582 4539 696 4630 33333
694 4561 751 4606 333
766 4541 935 4607 3333333333
922 4552 970 4608 33
982 4541 1193 4618 accenderat
1211 4534 1635 4627 essetquamquam
1742 4621 1743 4624 ¹

370 4647 473 4737 infido
493 4659 563 4712 3333
582 4646 740 4712 metuenti
753 4669 834 4713 333...

476 4757 685 4834 -033333,
714 4756 880 4840 temporali
903 4757 1131 4842 significatione
1161 4755 1246 4841 apud
1272 4755 1463 4822 Sallustium
1489 4753 1584 4828 deest,
1606 4755 1636 4812 ut

372 4757 457 4949 apud
472 4862 639 4940 Caesarem,
658 4861 794 4938 Livium,
816 4863 959 4929 Tacitum
979 4873 1009 4928 33
1027 4863 1172 4928 Plinium
1187 4862 1350 4947 juniorem
1370 4861 1549 4947 (Draeger).
