3534 5720
839 415 1039 474 -780-

302 559 422 627 additis
450 558 577 626 77777777
591 559 743 646 perfugis,
762 561 847 645 quod
867 580 982 645 gonus3
1011 560 1090 625 Hist.
1119 583 1141 638 1,
1157 562 1210 638 75,
1223 561 1279 638 77,
1295 559 1360 626 nisi
1370 561 1459 648 sorte
1474 559 1583 648 specie

301 657 478 734 concordiae
493 679 526 732 et
549 668 735 754 pacisque
756 704 801 715 —
822 668 953 733 nomina
974 664 1110 744 indidit3
1127 669 1197 753 Jug.
1223 668 1278 746 75,
1298 647 1336 744 ’6,
1364 689 1404 732 cc
1431 667 1579 746 flumine,

302 795 398 861 quam
412 795 617 864 proprement
633 771 754 863 oppido
775 794 890 860 aquam
905 794 972 840 esse
989 795 1091 861 supra
1113 771 1269 838 dicimus.
1291 775 1336 840 ad
1357 785 1459 840 totum
1475 794 1578 838 enun-

301 884 419 949 ciatum
438 883 572 948 refertur
588 876 821 947 substantivum
835 883 907 966 Jug.
924 881 978 959 37,
996 883 1027 958 7,
1046 883 1083 945 P.
1102 879 1259 946 Lucullus
1273 893 1305 946 et
1319 883 1354 946 t.
1374 879 1505 947 Annius
1527 880 1584 946 tri-

303 988 385 1054 buni
400 986 506 1077 plebis
524 986 745 1053 resistentibus
761 987 902 1075 conlepis
917 986 1110 1052 continuere
1120 991 1355 1075 mapistretum
1369 987 1578 1066 nitebantur,

302 1117 373 1182 qum
388 1095 541 1160 dissensio
558 1097 656 1159 totius
671 1093 753 1158 areni
763 1093 897 1159 comitio
908 1091 1127 1182 impediebam
1146 1093 1221 1158 item
1232 1097 1260 1160 J.
1279 1095 1311 1172 5,
1323 1097 1355 1172 7,
1372 1092 1583 1181 deleincquie

302 1201 531 1290 tencprinium
545 1198 707 1288 superbiae
721 1199 902 1265 nobilitatis
918 1199 1048 1265 rrbciom
1069 1199 1152 1265 itum
1166 1212 1223 1278 est,
1236 1221 1309 1287 qum
1322 1203 1496 1278 contentio,
1517 1213 1577 1266 etc.

346 1308 535 1374 2⁰Pristinae
551 1307 673 1371 relativi
691 1308 849 1372 enunciari
864 1307 971 1374 formae
993 1309 1124 1392 vestigia
1140 1319 1307 1392 apparent,
1327 1308 1379 1372 ubi
1402 1309 1582 1373 substanti-

303 1436 410 1480 vuma
430 1414 676 1481 demonstrativo
701 1414 730 1478 in
755 1415 923 1479 relativam
943 1415 1149 1480 enunciatum
1174 1415 1299 1494 transit,
1326 1425 1357 1480 et
1376 1415 1483 1480 eodem
1505 1435 1582 1482 casu

303 1543 365 1607 quo
382 1522 550 1587 relavivum
572 1540 743 1606 pronomen
764 1522 908 1604 ponitur;
931 1531 1004 1586 tunc
1026 1521 1260 1586 substantivum
1277 1522 1309 1587 in
1329 1522 1584 1586 demonstrativo

303 1629 470 1696 enunciata
497 1629 672 1692 detractum
693 1627 827 1692 videtur.
854 1628 944 1710 Apud
972 1629 1162 1694 Sallustium
1183 1629 1248 1694 lnec
1272 1629 1417 1714 exeuipla
1441 1631 1506 1693 iere
1527 1647 1583 1693 oc-

303 1747 435 1802 currunt
457 1758 464 1798 ε
486 1736 556 1820 lug.
577 1736 631 1812 77,
648 1736 682 1812 7,
702 1731 760 1799 sed
775 1755 847 1820 quea
862 1732 934 1799 loca
949 1747 981 1799 et
995 1733 1143 1799 tentiones
1159 1733 1199 1800 ob
1219 1733 1362 1800 celerent
1377 1746 1437 1799 ortt
1451 1736 1584 1824 espieri-

304 1853 417 1921 tatem,
444 1841 519 1906 item
539 1838 731 1906 solitudines
749 1839 859 1906 minus
880 1841 1093 1928 frequentato
1117 1853 1203 1918 777777,
1226 1840 1265 1906 de
1293 1841 1337 1906 eis
1364 1839 1458 1906 7777777
1479 1841 1586 1929 focile

303 1959 505 2037 compertum
516 1947 739 2024 narraverim
753 1949 780 2012 J.
804 1949 858 2024 76,
874 1951 907 2022 6,
924 1960 955 2014 et
968 1969 1052 2035 pnes
1065 1948 1145 2014 uicti
1161 1946 1204 2013 ab
1221 1947 1368 2015 laostibus
1376 1971 1496 2038 pennos
1510 1970 1584 2012 me-

305 2066 462 2131 tuerent.
475 2076 530 2120 ees
555 2054 621 2142 ipsi
638 2053 780 2120 coleretes
795 2052 1015 2142 perpendere;
1039 2056 1065 2120 J.
1090 2057 1145 2130 79,
1165 2058 1196 2133 l,
1218 2076 1282 2141 quo
1309 2055 1342 2119 in
1366 2055 1435 2120 loeo
1451 2055 1537 2120 irater
1550 2076 1585 2119 se

304 2159 392 2227 obvii
402 2161 554 2248 fuissent,
576 2160 603 2226 is
618 2161 798 2226 cummunis
818 2160 989 2247 utriusque
999 2161 1120 2249 populi
1129 2161 1207 2249 finis
1220 2161 1412 2239 nuceretum
1432 2163 1587 2228 similiter

305 2270 373 2335 Cat.
392 2269 446 2348 57,
466 2268 527 2346 ll;
543 2270 596 2344 67,
619 2269 638 2332 7
656 2268 676 2331 ¹.
700 2269 798 2334 Multo
818 2267 933 2354 saepius
948 2269 1044 2334 ctiam
1066 2269 1227 2334 invenitur
1245 2270 1438 2335 constructio
1456 2269 1584 2335 inversa

308 2373 476 2462 qui-is,
498 2374 537 2438 de
557 2374 699 2459 personis
723 2373 819 2440 dicta.
842 2375 933 2459 cujus
954 2375 1122 2441 innumera
1140 2377 1285 2460 exempla
1306 2375 1437 2441 laudare
1467 2396 1585 2461 super-

278 2513 283 2532 7
308 2499 483 2546 vacaneum
496 2481 548 2545 sit.

350 2595 382 2652 3⁰
406 2588 525 2652 Nomen
543 2607 615 2652 vero
629 2589 821 2672 appositum,
839 2608 875 2652 ex
888 2608 951 2673 quo
968 2590 1136 2655 relativam
1152 2590 1357 2654 enuncietum
1374 2589 1511 2674 pendere
1527 2589 1577 2654 vle-

305 2696 388 2771 beat,
411 2695 442 2758 in
459 2694 696 2760 hocenunciato
712 2694 780 2779 ipso
797 2696 951 2761 insertum
966 2697 1103 2762 occurrit
1118 2696 1203 2781 apud
1222 2697 1424 2775 Sallustium,
1442 2709 1477 2762 ut
1494 2696 1582 2781 apud

305 2814 436 2879 ceteros,
461 2801 646 2886 plerumque
662 2821 734 2867 cum
754 2802 960 2868 substantivis
980 2823 1042 2881 res,
1064 2823 1179 2889 penus,
1199 2803 1377 2878 similibus;
1399 2803 1483 2888 quod
1503 2823 1584 2868 con—

304 2910 486 2974 structionis
504 2927 602 2991 genus
615 2927 652 2973 ex
676 2910 732 2974 illo
747 2908 784 2974 de
804 2929 867 2993 quo
883 2929 980 2994 supra
1000 2911 1233 2994 disputavimus
1248 2909 1492 2975 discernendum
1518 2921 1578 2975 est.

350 3017 383 3081 4⁰
406 3015 549 3080 Notanda
572 3015 696 3080 videtur
711 3026 882 3092 structura,
904 3017 960 3080 etsi
984 3036 1046 3081 non
1064 3017 1102 3082 ab
1131 3039 1188 3082 usn
1206 3018 1329 3102 vulgari
1348 3019 1442 3102 7777777
1458 3018 1580 3094 aliona,

308 3121 479 3207 praesentim
506 3120 591 3206 apud
605 3121 798 3198 Ciceronem,
824 3123 879 3207 qui
905 3135 1008 3188 tamen
1041 3143 1210 3208 pronomen
1238 3125 1406 3189 relativum
1430 3124 1490 3211 qai
1509 3137 1585 3188 tan-

307 3228 468 3293 tummodo
489 3227 633 3303 adhibet;
656 3239 755 3293 exstat
777 3229 904 3313 quidem
928 3231 999 3316 lug.
1026 3231 1079 3307 37,
1098 3232 1152 3310 77,
1174 3252 1253 3296 nem
1274 3241 1304 3295 et
1329 3229 1406 3309 illis,
1423 3244 1583 3316 quantum

306 3333 554 3424 importunitatis
578 3333 711 3413 77767777,
732 3356 858 3422 perum
883 3347 929 3401 est
951 3336 1074 3424 inpune
1091 3335 1313 3420 malefecisse,
1338 3338 1389 3402 ubi
1417 3349 1582 3423 qnantum

308 3443 404 3527 paulo
424 3442 613 3507 insolentius
634 3439 742 3507 eadem
771 3453 931 3508 structura
945 3455 1119 3528 usurpetur
1134 3465 1198 3528 qua
1214 3463 1385 3528 pronomen
1402 3443 1474 3530 qui,
1493 3445 1523 3508 in
1543 3446 1582 3508 iis

306 3549 485 3615 enunciatis
509 3549 712 3634 quibus,p1·o
734 3550 872 3614 ablativo
892 3551 1057 3636 qualitatis
1077 3553 1123 3614 777
1149 3551 1232 3616 modi
1257 3552 1286 3615 in
1311 3552 1462 3634 primaria
1477 3571 1582 3616 enon-

306 3655 442 3720 ciatioue
460 3631 573 3738 posito,
596 3675 708 3719 nomen
730 3657 921 3720 abstractum
942 3657 1137 3722 nominativo
1159 3659 1204 3721 vel
1222 3658 1361 3722 ablativo
1380 3677 1454 3721 casu
1473 3657 1503 3720 in
1531 3678 1582 3722 re-

308 3762 406 3826 lativa
422 3762 646 3826 enunciationc
664 3781 719 3847 per
744 3763 972 3846 appositionem
997 3764 1158 3829 inseritur.
1182 3745 1228 3830 Cl'.
1259 3765 1362 3847 Plaut.
1385 3763 1483 3830 Stich.
1503 3785 1524 3840 7,
1545 3765 1580 3836 7,

307 3869 363 3946 67,
384 3879 511 3954 querite
526 3887 599 3932 77777
613 3867 777 3957 supientia
797 3879 852 3933 est.

353 3975 386 4038 50
411 3975 604 4054 Relativum,
625 3975 709 4060 quod
736 3975 767 4040 in
785 3977 884 4040 altero
908 3978 1076 4042 enunciata
1097 3977 1161 4042 alio
1180 3997 1252 4042 casu
1270 3978 1342 4062 poni
1363 3977 1502 4052 deberet,
1526 3980 1584 4041 ali-

307 4081 432 4166 quoties
447 4081 606 4146 omittitur
626 4104 633 4145 :
655 4083 725 4166 Jug.
744 4083 797 4161 tl,
817 4083 870 4160 76,
897 4065 1008 4148 orinia
1036 4106 1109 4170 puae
1132 4094 1193 4148 utet
1209 4083 1319 4161 emisi,
1336 4096 1396 4149 7777
1417 4104 1458 4149 ear
1480 4105 1583 4149 neces-

306 4187 405 4252 sariis
427 4184 568 4251 aduorso
587 4187 681 4274 fecte
702 4200 795 4265 stent3
819 4190 873 4267 37,
900 4189 954 4266 78,
971 4188 1061 4276 quud
1073 4191 1248 4277 ntopisuos
1269 4190 1384 4277 fecisse
1398 4213 1498 4278 param
1516 4190 1584 4256 illis

308 4291 461 4359 eccidisse
480 4291 654 4380 indiprtem
670 4306 730 4371 est;
757 4298 830 4374 707,
848 4298 879 4375 5,
902 4317 982 4382 qnos
1007 4295 1112 4362 Voluca
1122 4295 1215 4383 silices
1230 4296 1301 4384 ejus
1314 4295 1512 4376 adduceret,
1529 4320 1584 4362 rte-

309 4420 371 4487 que
386 4398 420 4464 in
430 4398 545 4487 priore
560 4421 676 4487 pupae
691 4400 724 4465 in
746 4400 859 4465 itinere
874 4402 996 4468 moreti
1014 4401 1214 4491 adsuerant3
1243 4406 1310 4470 Cat.
1330 4404 1381 4478 73,
1404 4406 1435 4478 7,
1458 4403 1584 4492 quippe

309 4526 392 4592 piros
408 4505 539 4572 honeste
553 4505 674 4572 77777777
687 4505 817 4588 licebat,
832 4507 927 4574 abati
944 4531 1007 4596 per
1022 4508 1261 4597 turpitudinem
1270 4509 1520 4598 properabant3
1538 4513 1580 4577 cl.

339 4685 362 4731 l.
379 4681 473 4730 Mirum
488 4690 528 4730 est
542 4683 623 4745 igitur
636 4683 702 4746 quod
718 4683 836 4747 Draeger
851 4685 927 4745 (Hist.
941 4685 1013 4748 Synt.
1028 4701 1055 4746 11,
1072 4702 1096 4749 p.
1111 4687 1167 4750 777)
1182 4687 1247 4735 herio
1260 4686 1475 4736 constructionem
1490 4685 1516 4735 in
1528 4687 1585 4735 Sal-

306 4753 380 4802 lustii
395 4752 468 4801 libris
481 4752 572 4804 deesse
585 4754 732 4803 affirmavit.
