3666 5724
731 450 908 507 ..81-

178 589 260 654 llist.
298 612 345 666 ιιι,
371 592 426 668 tt,
461 590 566 656 simul
586 591 742 658 immanis
767 592 1004 659 loomimcmvis
1030 593 1174 677 multise
1194 595 1279 668 ⁴locis
1311 599 1455 664 invasere

172 695 322 782 patentis
337 707 408 762 tum
423 709 455 762 et
466 697 559 786 pacis
578 697 675 764 mode
691 698 813 787 effossas
828 698 930 766 urbis.
956 701 997 767 to
1024 701 1105 767 Hist.
1127 723 1150 781 1,
1177 705 1231 780 19,
1257 723 1382 790 mapua
1408 706 1456 773 vis

174 801 351 868 homiuum
380 815 569 870 convenerat
608 804 699 893 apris
729 805 835 894 pulsa
877 818 936 872 aut
966 805 1098 873 civitate
1135 809 1252 896 ejecta,
1283 811 1458 896 singularis

178 907 363 986 adhibetur,
398 910 475 995 quia
508 911 558 976 liic
580 911 723 976 homines
759 932 824 976 000
856 914 994 997 separati
1029 913 1083 978 sed
1115 916 1295 1000 congregati
1326 916 1454 1001 fingun-

177 1026 244 1081 tur.
261 1016 309 1081 Cf.
333 1018 404 1102 lug.
429 1017 485 1096 91,
512 1018 543 1092 1,
570 1015 710 1104 denique
732 1030 822 1083 secto
847 1016 911 1095 dic,
938 1041 1013 1084 cnm
1028 1017 1075 1084 ad
1088 1019 1217 1109 [lamere
1237 1032 1368 1088 eentum
1396 1033 1455 1099 cst,

176 1143 342 1187 maxuma
356 1123 402 1188 vis
418 1121 544 1188 utrium
558 1124 688 1202 effecte3
708 1134 738 1190 et
755 1124 836 1190 Hist.
853 1146 902 1203 ιιι,
919 1127 974 1202 53,
995 1146 1063 1212 qua
1079 1138 1268 1214 tempestate
1282 1149 1322 1192 ea
1350 1131 1456 1194 Pouto

177 1228 229 1294 vis
239 1227 383 1315 piscium
399 1231 550 1315 erumpit.

223 1335 409 1410 Eonrrnrns.
427 1371 473 1386 -
485 1336 502 1400 J
506 1357 556 1420 ug.
573 1337 628 1415 91,
646 1345 679 1415 t,
701 1347 832 1424 repente
852 1358 982 1403 omnem
998 1336 1183 1426 equitatum
1202 1329 1234 1404 e't
1255 1342 1391 1406 cumeis
1407 1361 1456 1406 oe-

181 1438 375 1507 locissumos
382 1439 508 1529 pedites
521 1463 620 1507 cursa
636 1441 765 1507 tendere
784 1441 830 1508 cd
844 1445 987 1532 Capsam
1003 1455 1037 1509 ct
1045 1455 1160 1533 portas
1175 1443 1322 1511 obsidere
1334 1445 1456 1533 jubct;

178 1548 251 1632 Jug.
272 1548 327 1624 95,
347 1550 378 1624 l,
398 1569 474 1612 cum
491 1569 613 1634 mapuo
633 1547 832 1634 equitatum
851 1561 960 1614 castra
976 1551 1076 1627 veuit,
1092 1571 1174 1637 quos
1189 1551 1240 1616 uti
1252 1572 1294 1616 cu
1318 1552 1411 1618 Latio
1427 1565 1461 1618 et

179 1675 201 1718 a
214 1652 312 1718 sociis
333 1665 460 1740 caperet
482 1657 595 1722 Rome
616 1653 749 1720 relictas
767 1666 840 1720 erat
851 1679 860 1734 ;
876 1655 916 1720 ed
930 1676 1026 1741 quem
1041 1658 1141 1722 locum
1157 1658 1198 1722 01.
1227 1659 1306 1724 Caes.
1326 1660 1356 1723 b.
1377 1679 1406 1741 g.
1426 1660 1456 1734 1,

180 1761 235 1840 15,
256 1761 271 1824 1
290 1757 395 1842 (Idem
417 1759 504 1846 facit
535 1761 658 1834 Cesar,
677 1762 919 1849 equitatumque
938 1783 1109 1828 omucm...
1127 1763 1316 1851 premittit,
1340 1763 1400 1851 qui
1414 1766 1458 1830 vi·

180 1866 278 1932 ceant
293 1869 367 1950 etc),
384 1867 537 1933 ratitum
562 1868 601 1932 an
626 1868 693 1932 tn.
716 1869 771 1944 er,
796 1870 851 1946 ιι,
867 1869 900 1945 3,
921 1879 952 1933 a
976 1870 1106 1954 Herzog.
1130 1870 1170 1934 ln
1191 1871 1222 1935 ι.
1253 1870 1289 1948 t,
1312 1872 1366 1956 qut
1384 1853 1457 1937 'tum

180 1973 343 2058 imprimis
363 1974 445 2038 hanc
471 1985 664 2038 structuram
689 1975 728 2040 ab
750 1974 910 2040 historicis
928 1976 1080 2061 ¹usurpari
1106 1986 1223 2054 censet,
1240 1996 1312 2042 cum
1327 1979 1458 2044 uomina

180 2081 347 2148 collectiva
391 2069 529 2166 primum
567 2080 717 2146 universa
750 2081 968 2148 tantummodo
1001 2092 1309 2159 commemorentur,
1345 2083 1459 2149 deinde

182 2187 354 2274 praedicato
380 2187 489 2272 aliquo
510 2187 565 2252 vel*
584 2186 737 2252 attributo
757 2198 946 2276 augeantur,
967 2209 1030 2274 quo
1050 2208 1148 2274 opera
1172 2190 1219 2254 vel
1239 2189 1380 2255 conditio
1395 2189 1445 2256 sin

183 2295 335 2380 gulorum
352 2294 542 2360 illustretur.

227 2401 380 2466 Poenius.
397 2436 442 2448 -
459 2401 530 2485 lug.
553 2400 627 2476 102,
649 2401 682 2477 6,
698 2397 746 2465 au
758 2399 819 2466 looc
833 2401 952 2486 populo
974 2402 1124 2466 Romano
1143 2438 1188 2450 -
1201 2401 1326 2466 melius
1338 2400 1457 2482 ouum,

181 2506 308 2572 amicos
322 2526 424 2594 quam
446 2527 556 2570 servos
571 2526 737 2593 puaerecc3
762 2506 928 2595 rectiusque
941 2508 1007 2590 reti
1025 2505 1206 2572 uolentibus
1221 2529 1323 2595 qaam
1339 2507 1460 2574 coactis

182 2612 388 2702 imperitare,
407 2613 461 2678 nbi
479 2613 626 2677 nonnulli
646 2612 748 2678 tutius
766 2612 835 2678 rati
853 2614 973 2699 legunt,
991 2613 1045 2679 sed
1068 2614 1113 2678 ita
1127 2635 1254 2700 quoque
1268 2616 1459 2681 constructio

178 2741 241 2808 pec
255 2717 388 2808 synesin
405 2719 497 2798 inest,
518 2739 590 2784 cum
611 2719 707 2785 verba
723 2721 781 2785 illa
801 2721 958 2806 appositio
974 2720 1014 2787 ad
1028 2740 1134 2786 vocem
1158 2719 1284 2809 populo
1308 2724 1458 2789 Bemauo

180 2827 257 2904 sint,
279 2826 365 2912 quod
382 2827 594 2891 anacoluthon
610 2826 709 2892 Greeei
724 2846 805 2911 seepe
823 2826 985 2892 adhibent.
1011 2827 1059 2894 ct.
1077 2828 1218 2913 Thucyd.
1237 2828 1270 2907 3,
1288 2828 1329 2897 36
1346 2827 1368 2892 ¹.
1444 2875 1446 2880 -

226 2933 309 2999 Huic
323 2933 390 2998 loco
414 2932 530 2997 similis
546 2932 673 2998 videtur
689 2934 756 2998 Cat.
776 2933 830 3016 39,
856 2933 924 3012 1-3,
943 2934 982 2998 ab
1003 2933 1230 3018 interpretibus
1245 2933 1344 3000 variis
1357 2934 1459 3000 modis

183 3051 323 3105 tentatus
340 3063 347 3104 :
366 3039 473 3104 Plebis
488 3060 561 3126 opes
582 3037 767 3117 inminuta,
780 3039 1128 3128 paucorumpoteatia
1143 3039 1259 3106 crevit..
1271 3040 1318 3107 Ei
1331 3043 1457 3129 mapu-

183 3157 305 3224 tratus‚
319 3144 508 3232 prouincias
531 3143 664 3232 aliaque
684 3145 797 3210 omnia
812 3157 930 3224 tmere,
955 3145 1017 3232 ipsi
1041 3144 1182 3225 innecii,
1201 3145 1367 3234 fiorentes,
1390 3146 1460 3212 siue

182 3265 275 3318 metu
288 3263 419 3319 cetatcm
434 3273 544 3340 apere,
561 3267 746 3340 ceterosque
754 3250 895 3340 judiciis
912 3263 1042 3332 terrere,
1060 3273 1125 3341 quo
1138 3251 1273 3342 plebem
1290 3253 1325 3318 iu
1339 3253 1471 3341 000910--

182 3370 275 3424 trata
286 3356 454 3446 placidius
468 3369 658 3424 tractarent.
672 3357 740 3424 Sed
753 3357 812 3442 ubi
826 3358 975 3445 primum
994 3357 1102 3424 dccliiis
1116 3357 1212 3424 rebus
1227 3359 1375 3424 uaoaouii
1388 3382 1459 3446 spes

181 3465 296 3530 oblata
307 3476 364 3542 est,
381 3477 472 3530 octus
487 3477 652 3530 certamen
663 3464 791 3530 caimos
801 3485 912 3530 eorum
923 3465 1059 3544 accesit,
1076 3465 1130 3530 ubi
1143 3467 1263 3531 Ritschl
1276 3467 1455 3548 (loheinisolr

181 3575 264 3638 Mus.
287 3573 341 3644 2l.
364 3591 395 3656 p.
421 3554 515 3665 318),
538 3573 692 3648 correxit,
710 3582 842 3651 ceteros,
859 3569 920 3657 pai
938 3569 1068 3659 plebem
1090 3571 1126 3636 iu
1144 3571 1341 3659 mapistratu
1355 3571 1457 3661 placi-

183 3675 260 3743 dius
280 3689 471 3756 tractarent,
486 3675 626 3766 judiciis
640 3689 770 3757 terrere,
789 3697 886 3764 quam
902 3677 1126 3744 correctionem
1142 3678 1260 3763 recepit
1273 3680 1455 3757 Jacobsius3

183 3785 269 3850 idem
285 3785 350 3850 lere
370 3783 496 3868 scripsit
510 3783 649 3850 Kritzius
664 3783 724 3871 qui
739 3805 793 3870 pro
807 3804 873 3870 quo
890 3784 1070 3862 admittens,
1085 3785 1147 3850 nisi
1162 3785 1248 3870 quod
1262 3782 1458 3873 verbajudi-

180 3890 242 3957 ciis
266 3901 386 3955 temere
401 3910 458 3955 suo
486 3892 552 3954 1000
578 3891 719 3974 reliquit.
747 3891 896 3970 Ceterum
917 3890 1026 3968 iidem,
1043 3911 1079 3956 eo
1107 3901 1222 3976 praeter
1240 3911 1292 3957 eos
1317 3892 1456 3970 Gentius,

181 3996 379 4066 DietsohiuS.
402 3997 557 4074 Fabrius,
574 3997 726 4076 Kritzius,
742 3997 878 4064 Wirzius
895 3997 969 4082 (loc.
989 3997 1107 4082 10001),
1123 3997 1323 4076 Gerlachius,
1341 3999 1458 4085 quibus

181 4124 240 4187 ego
285 4103 384 4168 libere
421 4103 589 4172 assentior.
628 4102 1025 4190 conjunctionemdelent
1054 4104 1263 4189 oppositionis
1291 4105 1457 4189 eugendus
1533 4095 1535 4100 ’

180 4230 291 4276 cause.
313 4211 443 4275 Eorum
463 4221 571 4274 autem
591 4228 696 4274 vocem
714 4210 897 4296 Herzogins,
914 4230 951 4275 00
977 4220 1083 4296 posteo
1103 4209 1283 4277 Dietschius
1304 4221 1334 4276 et
1352 4212 1459 4278 Jocob·

179 4317 251 4382 sins
266 4314 306 4380 ad
320 4326 440 4380 ceteros
454 4316 619 4392 referunt,
631 4324 664 4379 ut
685 4315 706 4379 ii
723 4315 946 4400 intelligentur
961 4316 1075 4382 animis
1097 4316 1138 4382 ad
1152 4326 1310 4382 certamen
1327 4317 1457 4382 arrectis

182 4441 266 4498 0000,
284 4421 340 4506 qui
358 4407 451 4486 antea
467 4442 486 4486 a
501 4422 610 4507 paucis
630 4421 811 4508 potentibus
827 4423 960 4508 repressi
982 4432 1105 4502 essent3
1128 4422 1254 4489 Curtius
1269 4443 1341 4488 vero
1356 4433 1387 4488 et
1401 4424 1456 4488 Fa·

179 4528 286 4606 brius,
301 4548 337 4594 ec
347 4527 462 4594 deiude
476 4528 628 4608 Kritzius,
641 4527 692 4594 cui
707 4529 926 4594 assentiuntur
940 4529 1166 4596 Auschuetzius
1180 4538 1210 4592 et
1223 4530 1454 4606 Badstuehner,

214 4693 308 4810 Ll'ffic
322 4693 555 4754 Bedstuebnerum,
572 4707 596 4758 p.
609 4697 633 4753 9,
649 4700 703 4744 not.
716 4695 798 4745 secuti
814 4709 912 4758 sumus,
928 4695 1002 4760 cujus
1016 4693 1130 4758 plurima
1144 4709 1267 4758 syneseos
1283 4695 1400 4761 exempla
1413 4696 1457 4746 hie

180 4772 240 4814 retu
253 4779 331 4812 rmus.
1334 4782 1337 4789 ·
1369 4799 1371 4803 ,
