3534 5720
834 441 1030 502 -157-

298 587 449 654 venitur¹
473 585 567 652 7677.
585 585 618 664 6,
635 586 746 666 3777;
768 586 822 664 12,
839 587 878 664 2;
900 587 955 664 27,
975 588 1011 666 2;
1038 586 1093 660 31,
1116 587 1269 667 1;39,2;
1286 589 1357 674 Jug.
1375 589 1577 668 6,1;20,8;

298 694 405 772 36,.2;
425 693 480 771 39,
500 694 535 772 7;
553 693 606 770 73,
623 693 660 772 3;
675 693 730 769 55,
751 694 789 771 2;
810 694 866 772 58,
883 695 919 773 3;
935 695 990 772 72,
1007 694 1045 773 2;
1066 694 1121 772 96,
1139 694 1177 774 2;
1194 695 1249 773 98,
1271 695 1306 774 1;
1323 695 1378 776 98,
1395 697 1433 773 6;
1448 697 1531 762 17777.
1550 717 1576 772 7,

300 802 358 880 10;
372 821 516 889 praesens
530 819 604 865 vero
618 798 823 879 historicum,
840 799 909 892 Cat.
928 801 983 880 77,
1002 801 1037 879 1;
1052 801 1107 881 60,
1126 803 1162 878 7;
1179 803 1250 887 Jug.
1266 801 1319 875 ii,
1334 803 1355 867 8
1363 826 1371 881 ;
1392 804 1444 880 75,
1461 806 1499 884 2;
1516 803 1575 882 23,

299 909 334 984 7;
353 907 408 983 33,
426 908 462 984 3;
481 906 535 982 37,
553 907 589 983 7;
608 906 662 984 38,
682 910 717 987 1;
735 908 789 987 79,
808 909 843 986 7;
862 907 916 985 50,
933 909 969 984 7;
988 909 1044 986 57,
1061 909 1098 987 7;
1115 909 1170 985 69,
1187 909 1224 984 2;
1243 909 1350 989 70,5;
1368 909 1422 988 75,
1439 911 1497 988 70;
1515 911 1575 983 82,

297 1016 334 1091 2;
350 1013 406 1091 83,
428 1013 464 1094 3;
481 1014 537 1091 87,
556 1013 591 1091 1;
610 1013 666 1092 88,
687 1014 725 1091 2;
741 1015 797 1092 91,
817 1016 853 1093 7;
873 1013 950 1092 707,
969 1015 1005 1095 7;
1028 1014 1104 1093 707,
1122 1015 1153 1080 7.
1177 1014 1264 1088 Adde
1284 1015 1338 1092 76,
1357 1016 1389 1092 3,
1406 1015 1458 1081 ubi
1478 1017 1580 1101 pieri·

297 1139 358 1207 que
380 1119 502 1186 codices
525 1120 752 1204 manuscripti
774 1120 854 1185 saiso
863 1119 962 1208 jubet
977 1122 1125 1200 atiernnt,
1148 1131 1183 1186 ut
1205 1121 1324 1206 optimc
1339 1121 1573 1188 demonstravit

297 1227 460 1293 Kozioiius
478 1227 515 1311 (Ι.
535 1227 556 1291 Ι.
577 1248 607 1314 p.
631 1225 677 1310 6).
706 1227 940 1316 Imperfectum
965 1227 1125 1312 praecedit,
1144 1247 1244 1314 quum
1260 1227 1398 1294 actiones
1418 1249 1490 1314 quae
1516 1247 1578 1314 per

298 1333 473 1399 infinitivus
493 1331 715 1419 significantur
732 1343 874 1418 tempore
898 1353 962 1420 quo
983 1335 1084 1399 777777
1105 1335 1139 1399 177
1159 1335 1240 1400 77777
1260 1334 1504 1419 superveniunt,
1536 1356 1576 1402 ex

288 1460 344 1523 gr.
362 1439 431 1506 Cat.
457 1441 513 1518 27,
530 1441 566 1517 2;
587 1439 657 1524 lug.
675 1440 708 1517 7,
725 1439 762 1516 5;
781 1439 835 1516 30,
855 1439 893 1518 2;
917 1440 1026 1518 30,2;
1049 1441 1102 1519 77,
1121 1442 1158 1519 5;
1178 1441 1231 1517 76,
1252 1439 1289 1512 6;
1308 1442 1363 1518 77,
1390 1442 1426 1519 7;
1450 1441 1505 1520 57,
1530 1443 1573 1521 5;

297 1547 352 1624 55,
369 1546 479 1624 8;60,
497 1547 534 1624 7;
556 1547 611 1621 77,
629 1547 670 1625 ’7;
691 1545 747 1623 97,
766 1546 802 1626 1;
819 1547 876 1624 92,
898 1548 1015 1624 2etii3
1032 1547 1346 1628 97,2777;97,5;
1366 1548 1442 1626 700,
1459 1549 1478 1614 3
1495 1551 1572 1614 777.

298 1655 355 1720 Sin
370 1673 444 1719 vero
460 1653 542 1719 actio
556 1653 693 1737 perfecta
708 1651 837 1738 quidem
852 1664 911 1732 777,
929 1653 982 1719 776
1000 1653 1103 1720 adhuc
1122 1653 1155 1719 in
1181 1654 1340 1740 praeterito
1362 1655 1569 1739 per·eiiactus

297 1760 404 1836 durat,
422 1759 465 1825 ita
486 1771 519 1825 ut
536 1779 584 1824 777
606 1779 662 1844 per
677 1759 853 1826 infinitivus
868 1780 1022 1846 expressae
1037 1761 1066 1825 in
1084 1761 1220 1826 mediam
1240 1781 1309 1826 eam
1325 1761 1479 1839 incidant,
1495 1772 1575 1827 tunc

293 1863 666 1956 plusquamperfectum
693 1878 880 1953 usurpatur.
903 1868 1002 1952 Cujus
1016 1867 1144 1954 quidem
1161 1869 1311 1954 temporis
1330 1888 1421 1946 7777,
1439 1867 1463 1932 77
1490 1867 1574 1934 77777

309 1973 542 2039 77777777777777
559 1973 781 2039 historicorum
798 1973 884 2058 apud
898 1983 1043 2039 nostrum
1064 1984 1223 2041 auctorem
1243 1975 1412 2053 habeatur,
1441 1975 1574 2041 rarissi-

296 2100 368 2146 mus
387 2079 447 2144 dici
468 2090 567 2165 potest
589 2102 597 2144 ε
624 2099 784 2166 nusquam
799 2081 897 2159 enim,
918 2081 951 2146 ni
974 2082 1083 2160 771777,
1109 2081 1270 2148 invenitur
1290 2081 1350 2147 nisi
1372 2082 1441 2148 Cat.
1460 2081 1513 2160 73,
1532 2083 1570 2162 3;

296 2186 366 2273 lug.
389 2187 445 2263 07,
466 2187 632 2265 5;73,7;
653 2187 758 2260 89,1.

340 2293 488 2359 Actiones
501 2292 631 2380 quidem
648 2313 719 2378 quae
739 2292 914 2359 infinitivus
934 2293 1099 2359 historicos
1115 2292 1309 2379 praecedunt,
1332 2293 1431 2359 677777
1449 2304 1575 2380 tempo-

297 2400 385 2466 ribus
398 2419 566 2486 expressae,
589 2401 621 2464 in
638 2399 702 2466 dno
716 2419 833 2485 genera
848 2398 946 2465 dividi
964 2411 1104 2486 possunt.
1122 2397 1299 2470 Nonnulla
1314 2401 1399 2467 enim
1415 2401 1572 2488 ejusmodi

296 2517 371 2573 sunt
386 2507 584 2572 7777777777
604 2505 771 2592 designent
791 2507 822 2571 id
837 2505 922 2592 quod
938 2507 1053 2573 deinde
1073 2507 1241 2573 7777777777
1255 2507 1482 2594 explicabitur,
1500 2518 1576 2575 tan-

296 2633 394 2701 quam
407 2614 504 2679 77777
520 2632 556 2678 77
568 2612 707 2678 definitae
722 2614 817 2680 iacies
830 2613 916 2678 iilius
932 2614 1110 2680 communis
1124 2614 1263 2680 notionis
1278 2637 1286 2678 z
1302 2615 1439 2702 exempti
1453 2616 1572 2701 gratia,
1644 2685 1651 2710 ¹

296 2722 364 2786 Cat.
379 2721 436 2796 tt,
458 2723 492 2798 2,
508 2718 612 2808 iyitur
626 2740 667 2784 77
686 2717 809 2785 diuitiis
822 2718 1031 2808 juventutem
1043 2718 1190 2818 'lucuriu
1215 2731 1314 2806 atquc
1334 2720 1478 2786 auaritia
1498 2743 1575 2787 cum

288 2826 449 2916 ‘superbia
468 2826 642 2892 ittuoscrc:
662 2847 791 2915 rupere,
810 2847 1011 2908 7777777777,
1028 2848 1090 2892 suu
1101 2823 1370 2916 parvipendere,
1388 2825 1575 2892 77777777·

292 2953 383 3022 77777,
400 2933 576 3021 pauciorem,
595 2923 807 3021 pudicitiam,
829 2929 942 2998 diuina
962 2943 1061 3021 utqate
1081 2932 1231 2999 77777777
1251 2933 1458 3021 promiscuo,
1484 2930 1576 3000 uiliil

288 3039 389 3130 pensi
405 3060 510 3127 neque
523 3037 688 3105 moderati
705 3037 842 3117 leubere3
864 3040 897 3119 6,
915 3040 951 3120 3;
976 3040 1028 3118 13,
1049 3041 1085 3119 3;
1103 3041 1158 3120 27,
1176 3041 1213 3119 2;
1234 3039 1287 3118 37,
1308 3039 1343 3117 1;
1365 3041 1436 3126 Jng.
1456 3039 1511 3121 50,
1530 3043 1569 3120 7;

295 3149 351 3227 67,
368 3149 400 3224 5,
418 3156 492 3224 etc,
510 3157 568 3213 etc.
586 3143 671 3212 Aliae
686 3165 762 3213 vero
776 3147 821 3233 (et
835 3147 963 3233 quidem
978 3150 1079 3212 mutto
1095 3147 1342 3232 numerosiores)
1371 3149 1569 3214 narrationis

296 3254 419 3339 aliquid
441 3254 606 3340 effingunt,
624 3253 668 3318 ita
683 3263 718 3318 ut
732 3254 887 3318 actionem
903 3253 1129 3338 praecedentem
1144 3253 1392 3338 subsequantur,
1411 3253 1503 3319 77177
1520 3274 1571 3330 no·

160 3356 171 3374 ”
218 3391 223 3402 ·
296 3362 381 3427 77777
404 3361 553 3428 universa
578 3359 898 3445 interpositarum
925 3360 1058 3426 77777777
1082 3379 1172 3425 novae
1197 3361 1293 3425 777777
1313 3380 1377 3425 777
1398 3359 1573 3448 eodemque

295 3480 436 3553 tempore
452 3465 584 3534 alternis
598 3467 720 3533 vicibus
734 3468 889 3550 77777777,
906 3478 941 3531 77
957 3466 1049 3532 777777
1063 3467 1187 3552 agnosci
1201 3475 1302 3552 potest
1318 3485 1356 3533 ex
1371 3467 1429 3534 hoc
1446 3469 1512 3533 ioco
1527 3467 1573 3534 in·
1623 3505 1636 3530 .

295 3586 343 3641 777
363 3574 517 3660 plurimos
540 3576 618 3641 lecto
638 3597 645 3638 ε
662 3574 732 3660 ing.
754 3572 829 3652 700,
847 3573 880 3650 3,
889 3572 1057 3661 persuum,
1080 3572 1227 3640 minume
1248 3571 1320 3639 7777
1343 3583 1374 3640 ut
1396 3573 1571 3661 reqionum

293 3679 521 3760 scientissimi,
538 3679 682 3747 hostium
701 3679 763 3745 iter
773 3677 1002 3767 euplorubunt.
1015 3679 1129 3746 Simul
1135 3678 1252 3747 consul
1260 3679 1358 3765 qitusi
1366 3678 1459 3745 nullo
1475 3679 1571 3768 iupo-

294 3787 356 3856 sito
365 3785 667 3876 omniuprooidere,
678 3782 771 3875 opud
779 3783 1016 3867 outna'sudcsse,
1031 3785 1171 3852 lucidare
1179 3799 1210 3852 77
1219 3786 1391 3874 increpare
1404 3786 1570 3852 nectentis.

340 3898 374 3962 7⁰
392 3897 439 3961 De
447 3891 626 3984 particulis
641 3904 768 3982 tempus
780 3889 1010 3980 definientibus
1024 3913 1098 3980 quae
1113 3891 1391 3982 initiopruqressi
1403 3891 1573 3958 cuuuciuti

296 4012 483 4069 occurrunt.
504 4037 549 4052 -
567 3999 682 4067 Omnia
708 4001 772 4066 7777
793 4009 937 4085 tempora
959 4017 1031 4084 quae
1055 4019 1153 4084 supra
1182 4011 1291 4066 notata
1314 4011 1388 4065 sunt
1416 4000 1514 4065 etiam
1540 4000 1570 4064 in

296 4108 474 4175 enunciatis
489 4117 612 4191 tempus
633 4105 864 4172 infinitivorum
888 4104 1116 4171 definientibus
1138 4104 1360 4184 inveniuntur,
1378 4090 1477 4191 quum
1497 4125 1572 4172 con-

293 4212 474 4299 junctiones
480 4225 663 4300 postquam
683 4221 738 4278 aut
751 4209 811 4276 ubi
824 4211 918 4276 initio
935 4211 1096 4277 enunciati
1113 4211 1320 4296 praecedentis
1336 4213 1446 4297 positae
1466 4223 1543 4277 sunt
1562 4234 1569 4275 :

295 4322 475 4406 Postquam
500 4338 572 4384 cum
587 4318 733 4407 perfecto
753 4318 820 4384 Cat.
844 4318 898 4397 77,
925 4321 958 4396 7;
985 4318 1041 4398 20,
1067 4319 1104 4397 7;
1129 4317 1200 4403 Jug.
1225 4318 1278 4398 72,
1301 4319 1339 4395 5;
1361 4318 1416 4396 87,
1441 4319 1475 4398 7;
1500 4338 1572 4383 cum

292 4425 448 4513 praesenti
460 4423 615 4491 historico
629 4426 699 4510 ing.
719 4423 775 4503 66,
797 4425 832 4505 1;
855 4425 909 4499 79,
927 4426 965 4504 7;
982 4445 1054 4491 cum
1069 4423 1262 4513 imperfecto
1276 4425 1344 4491 Cat.
1365 4425 1420 4503 56,
1443 4425 1479 4503 7;
1497 4424 1568 4510 Jug.

300 4532 352 4609 13,
365 4531 525 4610 5ς-777
534 4553 602 4599 cum
611 4531 845 4620 perfecto-Cat.
864 4533 918 4611 51,
936 4531 996 4610 30;
1012 4533 1083 4618 Jug.
1097 4531 1269 4616 60,5;97,
1281 4531 1318 4609 3;
1335 4531 1422 4609 97,6
1440 4553 1448 4606 ;
1467 4527 1570 4618 (plus-

329 4701 352 4748 7.
368 4697 418 4748 Hic
431 4697 489 4747 loca
505 4703 605 4747 tuntum
624 4697 770 4746 indicamus
785 4697 811 4746 in
826 4699 919 4762 quibus
936 4699 986 4748 duo
1001 4704 1047 4748 aut
1057 4697 1145 4762 piures
1159 4697 1280 4752 infinitivi¹
1289 4697 1408 4748 historici
1421 4701 1569 4758 versentur;

298 4778 385 4820 cetera
397 4769 580 4834 producentur,
595 4783 653 4817 curn
669 4767 700 4817 de
712 4767 842 4818 infinitivis
857 4768 1032 4832 singularibus
1046 4775 1148 4834 agetur.
1164 4769 1206 4833 (V.
1222 4784 1248 4834 p.
1263 4767 1328 4834 167.)
