3534 5720
689 446 889 502 -l83-

147 585 330 674 depactio,
347 585 407 673 qni
418 596 515 652 aetate
529 599 562 652 et
573 586 737 675 sapientia
745 586 845 676 prior
859 607 903 665 ca,
919 608 961 651 ne
980 585 1076 651 aliter
1089 583 1172 672 quid
1184 585 1323 665 eueniet,
1338 609 1421 675 pro-

146 691 260 758 uidere
278 692 385 773 deeet;
399 694 455 771 85,
476 695 509 772 9,
525 692 619 774 milti,
637 694 697 780 qui
715 715 845 760 omnem
863 703 992 760 aetutem
1007 691 1043 757 in
1059 691 1201 780 optumis
1214 691 1342 758 ortibus
1355 693 1420 781 epi,

148 799 355 883 benefacere
373 801 450 886 jone
469 821 509 864 ec
532 798 765 865 consecetudine
787 799 821 864 io
845 811 1002 864 notorem
1026 797 1143 880 vortit,·
1163 800 1241 864 Hist.
1264 821 1286 872 ι,
1316 801 1370 876 45,
1387 803 1419 876 2,
1503 807 1506 824 “

144 905 306 972 satellites
321 905 455 992 quidem
470 907 542 994 ejus
555 945 599 957 —
613 927 737 993 nequeo
752 908 832 972 sotis
846 905 976 986 mirari,
993 905 1053 992 qui
1070 904 1303 972 dominationis
1318 906 1352 971 in
1367 929 1423 974 uos

143 1012 320 1079 sactorum
336 1035 435 1078 soum
458 1012 639 1080 mercedem
660 1012 754 1090 daut,
778 1025 809 1078 et
833 1025 1010 1099 utrumque
1027 1011 1275 1101 perinjurium
1292 1012 1424 1078 malunt

144 1140 253 1205 quom
272 1131 407 1207 optumo
419 1119 500 1208 jure
516 1119 613 1186 liberi
632 1141 740 1207 opere.
768 1122 828 1200 Qui
849 1121 972 1184 dicendi
991 1120 1113 1195 medua,
1133 1119 1217 1203 aptud
1234 1121 1422 1186 Sallustium

143 1227 390 1308 usitatissimus,
410 1228 441 1292 in
454 1228 511 1292 hoc
525 1229 679 1292 rationem
693 1227 809 1292 habere
823 1227 960 1304 videtur,
980 1226 1062 1311 quod
1079 1226 1214 1310 scriptor
1232 1225 1301 1303 ille,
1316 1246 1422 1310 quem·

143 1332 321 1398 admodum
339 1334 468 1398 omnino
484 1336 563 1399 solet
580 1335 622 1398 ita
636 1334 807 1398 enunciata
823 1333 906 1398 inter
920 1353 952 1398 sc
967 1333 1156 1418 conjungere
1173 1343 1207 1396 nt
1220 1332 1319 1417 magis
1332 1333 1422 1417 Juxta

142 1441 282 1504 collocet
297 1459 393 1524 quam
419 1441 503 1506 iuter
524 1461 556 1532 se
581 1452 695 1518 nectat,
712 1440 756 1505 sic
779 1441 809 1504 in
831 1439 1113 1506 enuntiationibus
1135 1458 1260 1525 quoque
1281 1426 1435 1504 relativis¹

142 1565 222 1629 qua
242 1565 369 1610 causam
386 1547 549 1611 continent
564 1547 695 1612 alterius
710 1547 769 1625 rei,
785 1547 869 1611 hunc
886 1547 1045 1610 internum
1061 1545 1291 1610 sententiarum
1304 1564 1421 1610 nexum

141 1671 211 1716 non
234 1653 438 1736 grammatice
454 1653 617 1737 experimit,
642 1653 695 1718 sed
718 1654 907 1737 simpliciter
926 1652 959 1716 id
975 1653 1059 1738 quod
1077 1671 1207 1716 causam
1223 1651 1355 1718 alterius
1375 1651 1420 1716 rei

140 1759 288 1824 continet
309 1770 461 1844 tanquam
486 1759 605 1824 lactum
625 1761 754 1843 aliquod
774 1760 861 1846 juxta
889 1759 980 1824 illam
1000 1779 1079 1837 rem,
1106 1779 1203 1844 qnam
1229 1759 1268 1824 ad
1293 1777 1421 1823 eausam

140 1885 239 1930 suam
260 1866 370 1930 relerri
395 1869 476 1938 vult,
498 1867 643 1945 collocat,
670 1867 714 1930 ila
736 1884 780 1945 ut,
799 1867 853 1951 qui
880 1865 962 1930 inter
983 1876 1150 1951 utramque
1167 1886 1233 1930 rem
1249 1864 1422 1930 intercedat

140 1972 286 2037 causalis
302 1991 400 2037 nexus
423 1973 553 2055 legentis
574 1974 622 2037 vel
640 1972 800 2038 audientis
812 1972 934 2058 judicio
955 1972 1131 2038 eruendum
1152 1972 1365 2056 relinquatur.
1383 1972 1422 2036 Et

142 2080 176 2142 in
198 2078 264 2143 illis
279 2078 410 2164 quidem
428 2080 591 2162 exemplis,
611 2091 846 2163 argumentum,
860 2078 944 2163 quod
960 2080 1185 2144 enuntiatione
1199 2078 1332 2144 relativa
1345 2096 1420 2142 con-

139 2188 279 2264 tinetur,
302 2185 427 2250 interne
457 2186 584 2250 vinculo
608 2186 745 2250 conaret
768 2205 839 2250 cum
868 2185 990 2250 actione
1014 2186 1108 2250 verbo
1137 2184 1227 2250 finito
1259 2184 1420 2269 primariae

140 2291 311 2356 sententiae
325 2290 480 2372 indicata3
504 2303 535 2355 at
551 2291 582 2355 in
597 2287 789 2376 quibusdam
805 2292 878 2357 aliis
895 2292 982 2370 locis,
1000 2293 1220 2376 conjunctivus
1231 2310 1293 2357 non
1312 2292 1355 2354 ila
1369 2310 1420 2355 ne-

139 2397 303 2462 cessarius
320 2397 457 2472 videtur,
480 2399 599 2481 quippe
615 2399 731 2483 quibus
753 2419 814 2463 non
832 2419 928 2464 cansa
949 2400 1017 2482 ipsa
1042 2398 1086 2463 rei
1111 2399 1323 2475 contineatur,
1348 2417 1419 2480 qua

140 2506 177 2568 in
195 2504 291 2569 verbo
307 2503 398 2568 linito
419 2504 506 2580 insit,
533 2505 587 2568 scd
610 2505 713 2589 potius
735 2525 771 2568 ea
788 2525 837 2570 res
858 2505 948 2590 cujus
963 2505 1229 2592 contemplatione
1248 2503 1417 2590 judicium,

138 2610 229 2696 quod
255 2612 391 2694 scriptor
418 2610 717 2694 protulit,quodan1
741 2612 834 2676 modo
851 2625 962 2676 natum
987 2613 1038 2686 sit,
1056 2631 1103 2676 ex.
1126 2632 1173 2696 gr.
1195 2634 1201 2674 :
1223 2612 1293 2696 Jug.
1312 2611 1366 2688 31,
1385 2611 1417 2688 ⁹2,
1515 2687 1521 2700 ι

137 2727 181 2782 ut
197 2714 287 2782 uobis
302 2715 434 2782 unimus
449 2716 490 2781 ab
511 2715 645 2804 ipeooc’o
659 2728 758 2803 etque
771 2715 920 2782 socordio
936 2730 1117 2806 conrtcptus
1130 2717 1184 2797 sit,
1201 2717 1261 2803 poi
1273 2737 1314 2782 tte
1333 2737 1420 2782 neeric

138 2820 280 2910 quidem
303 2821 452 2888 obnoeit‘s
475 2822 616 2888 irtimict‘s
641 2823 813 2910 accepite,
841 2835 939 2910 etque
963 2825 1064 2890 etium
1093 2846 1179 2888 nunc
1204 2821 1323 2889 timetis
1351 2843 1415 2902 eos,

138 2927 264 3016 quibos
279 2928 369 2994 decet
383 2929 502 2995 terrori
515 2951 591 3009 esse,
610 2931 663 2995 obi
677 2951 740 2995 non
755 2950 884 2996 causam
899 2932 1125 3014 corruptionis,
1142 2930 1195 2995 sed
1214 2930 1317 3014 potius
1338 2949 1417 3008 rem,

137 3057 210 3120 qua
225 3047 390 3120 corruptos
404 3039 487 3102 cives
510 3056 576 3102 esse
591 3039 734 3120 cognosci
758 3048 857 3121 potest
876 3040 923 3102 vel
942 3049 1025 3103 certe
1045 3038 1252 3102 confirmatur
1270 3037 1351 3101 illud
1363 3037 1419 3122 ju-

138 3143 278 3222 dicium,
294 3143 452 3209 sententia
474 3145 607 3208 relativa
617 3143 764 3220 exhibet3
783 3145 851 3210 Cat.
870 3145 924 3222 5l,
953 3145 1006 3224 tu,
1020 3146 1171 3232 profecto
1193 3143 1296 3208 victos
1321 3154 1419 3228 utque

136 3247 305 3336 supientia
329 3249 441 3337 major
459 3249 493 3315 in
515 3248 578 3315 illc's
590 3250 672 3337 fuit,
689 3249 749 3337 poi
769 3271 809 3315 ea
819 3250 937 3339 porois
961 3249 1076 3338 opibus
1096 3261 1225 3315 tontum
1240 3249 1419 3338 imperium

136 3357 382 3443 secernendae
406 3355 440 3420 c'u
458 3354 563 3433 nobis,
585 3355 645 3444 qni
658 3377 697 3422 eu
721 3354 800 3422 bene
817 3368 919 3445 porto
934 3361 990 3422 vic
1005 3357 1198 3432 rotdomum
1220 3357 1300 3422 Hist.
1322 3378 1343 3434 t,
1361 3357 1416 3436 el,

140 3465 173 3538 3,
194 3483 257 3550 pro
272 3459 309 3527 di
323 3460 411 3543 doni,
429 3461 489 3550 qni
501 3462 587 3528 donc
602 3463 717 3530 urbem
731 3463 855 3530 omisso
870 3463 963 3530 corio
979 3462 1088 3530 adhoc
1102 3464 1228 3550 tegitis;
1246 3475 1362 3528 etcum
1379 3464 1418 3528 ir·

138 3567 273 3646 risione,
297 3579 331 3633 ut
351 3569 475 3655 aliquid
489 3572 686 3636 contrarium
701 3582 883 3655 opponatur
902 3572 1067 3636 sententia
1086 3591 1181 3657 quam
1200 3571 1316 3656 posuit,
1333 3570 1414 3636 Hist.

138 3693 162 3750 1,
184 3673 238 3751 led,
257 3673 310 3753 lo,
327 3695 442 3740 verum
457 3695 515 3762 cpe
532 3674 716 3756 seditiosae,
738 3676 788 3742 oti
805 3675 902 3743 Solle
921 3675 980 3753 uit,
1002 3676 1062 3763 qui
1075 3668 1217 3762 praemio
1242 3674 1417 3742 turbarum

139 3797 275 3864 queror,
293 3791 324 3844 et
340 3777 461 3845 bellom
481 3781 625 3868 cupiens,
643 3781 702 3870 qui
711 3781 793 3870 juro
802 3783 900 3871 potis
915 3794 1037 3871 repeto.
1053 3785 1248 3848 Permultum
1265 3783 1350 3847 enim
1367 3783 1418 3846 in-

139 3895 236 3950 terest
252 3897 361 3952 utrum
376 3890 533 3954 sententia
550 3891 682 3955 relativa
698 3891 858 3956 contineat
873 3911 1000 3956 causam
1016 3892 1060 3956 rei
1078 3912 1148 3976 quae
1165 3891 1197 3954 in
1216 3890 1309 3955 verbo
1326 3889 1415 3954 finito

140 3992 306 4076 primariae
327 3996 490 4060 sententiaa
509 3996 603 4076 inest,
619 4017 658 4062 an
673 4017 803 4063 causam
818 3996 887 4082 ejus
907 3997 991 4082 quod
1007 3998 1037 4061 in
1055 3999 1147 4062 vcrlro
1168 3997 1258 4062 linito
1273 3999 1347 4061 latet
1363 3996 1415 4081 ju·

139 4097 229 4162 dieii.
248 4097 434 4166 sicutenim
456 4102 488 4167 in
513 4115 597 4167 recto
614 4122 719 4168 rerum
737 4123 900 4188 progressu
916 4124 1012 4168 causa
1029 4105 1173 4168 effectum
1192 4102 1351 4188 precedit,
1372 4103 1415 4170 ita

138 4207 429 4290 contemplantibus
444 4208 533 4274 nobis
551 4208 594 4287 id,
612 4209 696 4293 quod
724 4229 756 4273 re
772 4231 845 4274 vera
867 4209 1021 4294 posterius
1037 4222 1094 4287 est,
1117 4231 1199 4294 saepe
1222 4209 1309 4295 prius
1324 4229 1356 4274 se
1373 4209 1415 4273 ol-

141 4311 212 4388 lert,
228 4311 252 4374 si
271 4312 400 4396 quidem
422 4315 608 4400 plerumque
625 4315 659 4379 ln
674 4326 709 4380 ut
724 4317 942 4383 antecedentia
958 4317 1268 4400 inconsequentibus
1284 4315 1413 4380 demum

140 4417 462 4502 comprehendantur.
486 4422 562 4500 Quat
577 4442 649 4486 cum
671 4421 805 4500 itaeint,
827 4423 1019 4488 sicuteausa
1038 4444 1076 4487 ea
1097 4434 1155 4498 est,
1177 4442 1247 4507 quae
1265 4421 1295 4486 id
1317 4421 1414 4486 ellioit

139 4523 231 4608 cujus
247 4537 294 4589 est
309 4545 416 4605 causa,
436 4529 478 4592 ita
494 4527 585 4593 nobis
600 4530 728 4594 effectus
746 4541 896 4614 tunquam
911 4550 1006 4594 causa
1022 4529 1155 4608 exsistit,
1177 4550 1248 4614 quae
1262 4527 1359 4593 elficit
1379 4539 1414 4591 ut

103 4701 105 4708 ¹
140 4627 181 4698 ad
197 4629 228 4695 id
249 4631 415 4716 cogitando
436 4634 641 4699 ttscendarnus
666 4657 737 4720 (gnte
759 4635 858 4721 ipsius
885 4656 980 4700 causa
1004 4645 1060 4702 est.
1082 4637 1188 4720 ltaque
1210 4636 1235 4700 si
1257 4636 1288 4699 in
1306 4633 1354 4699 his
1374 4634 1411 4698 de

140 4735 259 4821 quihus
275 4758 359 4804 nunc
372 4741 478 4826 agitur
490 4741 566 4807 locis
579 4763 694 4808 nexum
711 4763 817 4808 rerum
834 4744 976 4828 ipsarum
993 4753 1073 4810 recte
1092 4742 1410 4819 consideraverimus,
