3576 5724
677 497 873 554 -att-

182 639 245 704 Neo
266 639 367 724 magis
390 658 440 717 ea,
461 659 533 725 qua
549 659 589 732 ex
609 639 779 726 participio
805 640 968 724 praesentis
998 649 1068 705 orta
1086 651 1173 717 sunt,
1195 640 1351 727 adjectiva
1371 641 1415 706 ita

139 745 285 811 adhiberi
311 757 461 830 possunt,
488 756 522 811 ut
547 757 666 812 certam
689 766 755 812 rem
779 747 844 812 sive
869 766 1037 832 personam
1057 747 1210 826 indicent,
1237 747 1291 812 sed
1317 741 1414 812 lotum

137 849 234 917 modo
249 871 356 917 rerum
379 871 478 938 genus
502 853 682 938 significare
708 864 852 938 possunt.
873 855 940 918 Huc
960 862 1066 918 autem
1085 854 1246 938 pertinent
1259 854 1414 937 ejusmodi

136 960 304 1024 sententia
321 957 461 1024 relativae
478 981 485 1023 :
505 960 573 1025 Cat.
594 961 647 1036 11,
665 961 697 1034 7,
714 959 779 1025 saio
793 959 898 1047 sitisse
911 957 1087 1024 nonnullos
1102 960 1162 1046 qui
1176 959 1223 1024 ita
1242 959 1414 1025 existima-

136 1075 223 1143 rent,
234 1063 458 1153 juvenuttem,
474 1085 548 1150 pua
562 1062 698 1131 domum
716 1064 868 1133 Catilinae
880 1063 1127 1153 frequentabat,
1139 1087 1268 1154 parum
1282 1064 1415 1131 honeste

133 1169 336 1259 pudicitiam
350 1169 520 1250 babuisse3
540 1173 612 1256 lug.
633 1173 685 1249 lb,
705 1173 735 1250 l,
755 1170 831 1238 uicit
850 1183 960 1236 tomen
975 1171 1009 1236 in
1023 1183 1138 1237 senatu
1149 1192 1232 1260 pars
1253 1171 1325 1250 illa,
1343 1192 1416 1259 quae

137 1299 215 1343 oero
234 1276 383 1366 pretium
399 1287 459 1342 aut
478 1277 625 1364 pratiam
648 1277 855 1365 anteferebat
880 1279 933 1362 (el.
954 1279 1022 1344 Cal.
1041 1281 1074 1356 6,
1098 1281 1148 1362 1);
1177 1279 1231 1357 55,
1255 1280 1286 1357 1,
1304 1277 1420 1343 consul

137 1395 313 1472 optumum
326 1385 422 1470 lactu
442 1395 536 1450 ratus
559 1396 688 1450 noctem
706 1405 778 1470 quae
800 1385 938 1451 instabat
956 1394 1160 1471 antecapere,
1178 1387 1227 1450 eui
1250 1405 1410 1469 opponen-

139 1491 200 1556 dus
211 1500 258 1554 est
273 1491 322 1556 bic
339 1476 436 1569 locus,
449 1492 529 1555 Hist.
548 1495 595 1569 ur,
613 1493 668 1564 65,
684 1494 732 1558 M.
747 1491 912 1557 Antonius
924 1487 1106 1578 perdundae
1114 1491 1268 1578 pecunie
1286 1489 1417 1578 penitus

138 1607 330 1683 renouasque
349 1619 369 1660 a
384 1597 472 1663 auris
490 1597 556 1662 nisi
572 1598 779 1677 instantibus,
796 1598 851 1663 ubi
866 1617 930 1662 nou
947 1597 985 1663 de
999 1597 1093 1663 certis
1108 1598 1193 1663 curis
1209 1599 1326 1682 agitur,
1343 1617 1417 1682 quae

140 1714 216 1769 tunc
233 1723 341 1768 revera
359 1703 531 1783 instabant,
551 1703 605 1769 sed
625 1715 724 1769 lotum
743 1724 841 1789 genus
857 1723 1006 1770 curarum
1025 1698 1268 1789 intelligendum
1285 1714 1331 1769 est
1348 1704 1369 1768 ¹.

188 1835 199 1870 ι
218 1811 295 1875 Item
310 1829 435 1896 semper
454 1811 610 1876 sententia
626 1811 760 1877 relativa
772 1811 954 1888 adhibetur,
972 1812 1026 1877 ubi
1042 1809 1122 1876 situs
1136 1811 1277 1877 locorum
1290 1811 1334 1876 ita
1349 1810 1418 1876 des·

139 1915 323 1994 cribontur,
344 1925 380 1981 ut
400 1917 473 1982 inde
495 1917 590 1982 simul
611 1907 746 1992 eluceat,
763 1917 819 2003 qui
839 1920 925 1982 locus
941 1917 1167 2003 intelligendus
1184 1917 1225 1981 sit
1243 1940 1250 1982 :
1267 1917 1416 2000 lup-92,

139 2026 172 2098 5,
197 2042 343 2109 namque
361 2021 456 2088 baud
468 2022 565 2111 lonpe
578 2045 599 2088 a
617 2023 758 2112 sturnina
777 2023 969 2103 lltalaccba,
987 2021 1078 2110 quael
1089 2022 1262 2110 lupurtbee
1285 2021 1419 2088 1101161-

140 2150 205 2218 que
219 2150 358 2216 repnunr
374 2127 581 2217 elr'p'unpebat‚
597 2141 669 2194 erat
686 2165 730 2180 -
745 2147 838 2195 mons
852 2150 972 2195 saccus
990 2129 1044 2216 (oi.
1060 2131 1089 2194 J.
1110 2130 1162 2207 16,
1180 2131 1228 2214 5).
1250 2130 1290 2195 At
1309 2139 1419 2224 contra

139 2257 241 2321 quum
261 2237 292 2300 in
309 2236 516 2302 describendo
542 2237 603 2301 situ
620 2237 666 2302 vel
690 2247 805 2302 natura
822 2236 881 2302 loci
898 2236 1036 2322 alicujus
1056 2237 1104 2301 rel
1121 2235 1275 2312 lluminis,
1303 2255 1366 2300 uon
1388 2234 1419 2300 id

141 2343 259 2428 agitur,
280 2351 314 2406 ut
333 2343 372 2408 de
397 2363 460 2428 quo
477 2343 545 2408 loco
563 2343 612 2408 vel
634 2343 767 2408 llumine
783 2343 824 2408 sit
843 2362 945 2408 sermo
968 2342 1181 2427 intelligatur,
1203 2341 1257 2407 sed
1282 2352 1419 2408 tantum·

140 2448 237 2514 modo
257 2449 347 2533 quasi
375 2449 537 2515 narrando
561 2448 692 2515 additur
714 2449 897 2535 descriptio,
922 2449 1127 2534 participium
1146 2468 1273 2534 quoque
1294 2448 1421 2513 adbibe-

141 2567 209 2631 tur,
226 2555 268 2620 ita
289 2555 419 2641 quidem
441 2567 475 2621 ut
497 2556 707 2641 appositionis
728 2557 829 2622 locum
855 2564 973 2632 teneat,
998 2536 1097 2622 veluli
1117 2557 1188 2640 lug.
1217 2557 1272 2632 18,
1290 2556 1323 2632 3,
1349 2565 1422 2620 erat

142 2662 178 2727 in
190 2683 230 2728 ea
245 2673 350 2750 parte
362 2659 531 2728 Numidiae
543 2683 646 2748 quam
658 2660 832 2728 Adherbal
841 2662 877 2727 in
891 2660 1050 2728 diuisione
1065 2659 1270 2750 possederat,
1293 2661 1421 2749 flumen

142 2769 250 2834 oriens
265 2791 286 2832 a
298 2767 446 2846 mamille,
461 2768 592 2834 nomine
607 2767 752 2849 Muthul,
765 2791 785 2834 a
800 2788 866 2855 quo
883 2767 1000 2834 aberat
1010 2789 1124 2851 maren·
1135 2767 1194 2858 sed
1204 2789 1245 2834 aa
1259 2789 1295 2834 ea
1311 2765 1418 2833 medio

143 2876 243 2963 quasi
260 2873 352 2940 collis
367 2872 545 2954 oriebatur,
562 2875 597 2940 ia
619 2875 815 2942 immensum
831 2877 1025 2962 pertingens,
1043 2879 1178 2941 uestitus
1197 2874 1337 2940 oleastro
1353 2875 1377 2939 ².
1406 2899 1416 2932 r

190 2981 251 3047 Sed
267 2981 353 3066 quod
373 2980 411 3046 de
431 2999 541 3045 sensus
564 2981 746 3048 discrimine
767 2983 850 3048 inter
865 2982 1068 3067 participium
1087 2991 1119 3048 et
1137 2983 1328 3048 sententiam
1344 2983 1421 3047 rela·

144 3087 242 3152 tinam
259 3090 441 3165 statuimus,
460 3086 618 3172 imprimis
632 3089 718 3154 cadit
734 3088 764 3180 in
780 3089 912 3154 uomina
930 3089 1108 3155 collectiva.
1125 3071 1204 3168 Qu'ae
1222 3108 1294 3156 cum
1309 3088 1420 3154 multi-

145 3193 290 3259 tudinem
316 3196 364 3258 vel
392 3213 603 3279 personarum
624 3196 673 3260 vel
690 3214 796 3262 rerum
817 3195 1100 3282 comprehendant,
1122 3197 1213 3262 facile
1229 3194 1423 3279 intelligitur

145 3301 301 3366 ambitum
316 3321 426 3366 eorum
446 3321 510 3366 non
533 3301 594 3367 nisi
615 3301 781 3368 sententiis
799 3303 941 3368 relativis
957 3302 1083 3368 definiri
1104 3323 1204 3388 posse.
1221 3305 1327 3382 Quare
1346 3302 1416 3367 Cat.

147 3408 200 3485 16,
228 3408 260 3482 1,
285 3404 341 3472 secl
352 3407 575 3495 juventutem,
602 3428 717 3495 quam,
744 3419 907 3497 utsupra
931 3407 1284 3488 dicimusinlererat,
1310 3405 1423 3474 multis

146 3511 252 3579 modis
275 3512 367 3578 mala
388 3512 546 3601 facinora
570 3512 737 3594 edocebat,
758 3518 897 3581 multum
916 3515 1021 3582 dillert
1037 3516 1076 3581 ab
1094 3517 1149 3581 illo
1168 3543 1179 3574 ι
1197 3513 1423 3604 sedjuoeutu-

147 3631 210 3685 tem
226 3618 383 3700 illectam,
407 3645 422 3681 u
450 3621 503 3687 ubi
529 3642 591 3688 nou
615 3623 790 3707 opponitur
811 3622 989 3708 juventutis
1013 3623 1114 3688 altera
1144 3643 1216 3707 pars
1236 3621 1342 3697 alteri,
1368 3619 1422 3686 sed

146 3727 334 3812 simpliciter
345 3727 383 3792 de
391 3727 559 3813 juventute
574 3730 716 3794 Romana
732 3728 848 3814 agitur,
867 3750 938 3816 quae
953 3739 1028 3795 nota
1042 3749 1092 3808 ea,
1108 3749 1180 3815 quea
1193 3727 1361 3814 participio
1378 3727 1422 3792 iu·

145 3833 284 3910 dicatur,
307 3833 441 3920 insignis
456 3843 519 3913 est;
548 3835 571 3899 ii
593 3845 716 3901 tautum
731 3835 886 3922 juvenum
905 3837 1121 3901 Romanorum
1136 3835 1351 3920 respiciuntur
1365 3833 1420 3919 qui

147 3940 243 4006 illecti
262 3950 348 4018 sunt,
366 3941 458 4006 nulla
474 3960 602 4026 prorsus
618 3941 740 4008 ratione
757 3941 866 4007 habita
882 3962 992 4008 eorum
1007 3942 1061 4028 qui
1077 3961 1140 4007 non
1154 3941 1250 4008 illecti
1268 3949 1353 4006 sunt.
1371 3939 1422 4006 Si-

145 4047 215 4112 mili
230 4045 324 4112 modo
339 4043 511 4112 Sallustius
526 4048 657 4114 nomine
673 4059 830 4114 terrarum
846 4059 994 4134 usurpat,
1012 4049 1102 4114 itaut
1118 4048 1288 4114 relativum
1303 4066 1366 4112 non
1382 4045 1422 4112 ad

146 4154 329 4219 universam
353 4163 470 4219 terram
490 4163 619 4239 spectet,
641 4155 695 4220 sed
711 4156 929 4222 tantummodo
945 4156 985 4221 ad
1004 4165 1122 4222 certam
1143 4165 1263 4240 partem
1279 4174 1351 4238 quae
1368 4152 1420 4219 toti

147 4271 239 4326 terrae
263 4259 448 4344 opponitur,
475 4259 560 4325 velut
576 4263 647 4345 lug.
664 4263 720 4341 61,
750 4263 783 4340 2,
800 4272 943 4327 ceterum
959 4259 1138 4328 exereitum
1153 4257 1419 4348 impromiscuum,

146 4386 220 4453 pure
231 4387 401 4454 proxuma
420 4377 469 4432 est
490 4365 669 4445 Numidiae,
693 4365 865 4434 hiemandi
890 4368 1003 4456 pratia
1027 4367 1187 4446 conlocat,
1218 4367 1273 4433 ubi
1300 4385 1362 4432 non
1382 4365 1421 4431 do

148 4484 212 4539 tota
228 4473 393 4558 provincia
412 4475 529 4560 agitur,
548 4474 601 4540 sed
617 4485 739 4541 tautum
756 4475 794 4541 de
809 4495 846 4542 ea
862 4487 951 4562 parto
974 4475 1145 4563 provinciae
1172 4494 1244 4560 quae
1264 4473 1422 4543 Numidia

149 4579 292 4664 proxima
307 4590 376 4645 erat
391 4582 443 4663 (cl.
462 4583 532 4666 lug.
555 4582 611 4660 81),
633 4581 666 4666 7)
690 4581 712 4647 ³.

179 4705 201 4751 l.
219 4701 258 4751 ct.
272 4702 346 4758 Lilia.
360 4702 378 4751 l.
393 4703 415 4754 1.
434 4719 459 4768 p.
477 4707 514 4754 15.

180 4775 201 4822 2.
221 4773 294 4833 title,
308 4790 334 4837 p.
348 4777 385 4824 15.

180 4845 204 4892 3.
221 4844 259 4893 Cl.
275 4844 382 4908 Lilie,p
407 4849 489 4896 1516.
