3576 5724
672 447 866 512 ...225-

123 591 290 668 lavenitur
307 600 411 675 tamen
429 590 498 655 Cat.
517 591 571 668 18,
586 591 619 668 7,
641 586 853 676 quesnellius
869 587 1035 676 appellato
1053 589 1172 652 Crasso
1186 607 1250 674 per
1263 585 1400 666 societa-

125 711 191 767 tem
213 693 356 784 periculi
377 694 521 784 reliquos
541 696 629 761 illius
644 695 794 784 potentio
814 695 1017 782 teperet„nbi
1036 713 1208 782 pronomen
1224 691 1399 779 subjectum

124 805 265 892 logicum
296 804 434 869 absoluti
462 803 622 897 enunciati
652 814 716 880 est;
739 803 809 868 Cat.
837 803 890 875 16,
915 799 1088 888 isquibus
1106 794 1203 865 rebus
1232 798 1398 893 confectis,

123 912 236 977 omnia
246 930 387 998 propere
397 931 459 998 per
471 908 602 974 nunties
617 906 744 974 consuli
759 902 977 994 declarentur
987 932 993 984 ;
1011 907 1063 992 (cl.
1082 907 1158 972 Caes.
1178 907 1207 970 b.
1228 927 1258 992 g.
1280 906 1312 983 1,
1327 903 1397 990 m).

169 1019 207 1082 Ε.
234 1052 278 1066 -
295 1018 400 1084 Unum
413 1016 593 1102 exemplum
609 1014 717 1080 inveni
738 1036 896 1080 rsnricrrn
920 1035 952 1078 ru
974 1000 1213 1092 rnrennocunro
1230 1005 1401 1078 ununcmro

123 1145 224 1190 rosim
238 1134 269 1188 et
280 1145 297 1188 a
307 1123 447 1209 subjecto
460 1122 761 1188 alteriusonunciati
777 1119 954 1208 pendentis,
968 1141 1040 1206 quae
1054 1119 1182 1208 quidem
1194 1119 1399 1194 constructio,

124 1233 238 1316 utique
252 1229 329 1294 satis
344 1250 430 1308 rara,
449 1229 533 1314 apud
554 1229 739 1294 Ciceronem
755 1238 859 1310 tamen
877 1227 1047 1312 aliquoties
1064 1225 1226 1291 invenitur
1239 1248 1246 1289 :
1259 1225 1327 1290 cat.
1344 1225 1400 1305 33,

122 1339 155 1414 5,
180 1348 219 1401 ut
236 1357 425 1424 queramus
445 1357 589 1424 quonum
605 1333 702 1426 modo
718 1355 875 1399 moerente
892 1335 947 1399 ulti
965 1333 1161 1420 sanquinem
1176 1341 1325 1396 nostrum
1342 1324 1400 1418 pe-

122 1464 271 1508 reamus.
293 1443 339 1508 Cl.
367 1443 431 1508 Cic.
451 1443 483 1506 in
503 1443 598 1508 Catil.
623 1462 666 1522 iv,
688 1442 720 1519 9,
737 1439 877 1527 eoqitete
891 1438 1027 1527 quentis
1042 1436 1212 1503 laboribus
1231 1437 1401 1503 fundatum

124 1549 320 1636 imperium,
338 1558 464 1638 quanto
480 1547 600 1616 virtute
614 1544 790 1614 stabilitam
801 1545 986 1612 libertatem
1004 1567 1071 1610 urm
1085 1566 1151 1609 noc
1166 1565 1260 1631 peene
1273 1541 1398 1620 delerit,

123 1657 177 1720 ubi
204 1655 243 1720 ad
265 1656 421 1741 objectum
435 1655 641 1740 participium
658 1655 806 1731 refertur,
825 1664 856 1718 et
873 1647 971 1718 Oret(
985 1655 1017 1728 9,
1036 1650 1090 1717 uti
1110 1651 1138 1714 in
1154 1651 1287 1715 relativo
1301 1669 1400 1716 enun-

50 1817 58 1822 ,
123 1762 374 1829 uiatorem-atur
396 1761 611 1848 participium.
632 1761 719 1843 (Vid.
739 1760 876 1846 llloduig5
898 1759 1116 1851 Gramm.lat,
1138 1758 1245 1842 §ltin
1265 1766 1330 1821 not.
1351 1757 1398 1842 3).

166 1869 205 1934 F.
230 1906 271 1916 —
287 1869 462 1934 Psuncnnn
487 1890 542 1934 ruo
564 1888 777 1956 nosacnnsrn
800 1887 876 1930 nnis
891 1885 1111 1944 nustnenrmus
1126 1885 1239 1929 rosrrn.
1257 1900 1302 1913 -
1316 1864 1401 1927 Non-

124 1975 218 2040 nulla
245 1975 377 2040 adhibet
396 1975 565 2060 participia
585 1975 756 2042 Sallustius
771 1973 816 2038 ita
836 1983 881 2052 ut,
907 1971 1056 2058 praeteriti
1076 1971 1226 2058 temporis
1241 1969 1400 2057 significa-

126 2083 213 2150 tione
228 2081 373 2168 deposito
390 2093 421 2148 et
442 2082 667 2168 adjectivorum
681 2093 798 2149 natura
815 2079 938 2158 induta,
955 2079 1095 2164 proxime
1110 2077 1260 2144 accedant
1276 2075 1313 2141 ad
1333 2096 1401 2144 sen·

125 2209 196 2256 sum
213 2189 441 2276 adjectivorum
459 2189 490 2254 iu
511 2187 584 2258 bilis
600 2188 798 2266 exeuntium,
815 2197 850 2252 ut
864 2187 933 2272 lug.
952 2187 1008 2264 76,
1026 2187 1058 2265 1,
1071 2183 1130 2250 sed
1142 2206 1212 2262 reu,
1229 2181 1401 2270 nihiljum

106 2292 436 2362 inlectumMetello
461 2294 593 2360 credens
617 2293 669 2381 (de
695 2313 758 2380 quo
779 2294 846 2358 loco
866 2293 937 2358 vide
964 2291 1153 2378 lirimium);
1176 2291 1214 2356 cl.
1250 2290 1400 2355 invictum

86 2415 88 2424 ’
126 2402 166 2486 (1.
187 2401 241 2481 13,
259 2402 311 2487 5);
333 2403 507 2469 coercitum
524 2403 565 2486 (J.
588 2401 643 2480 91,
662 2401 713 2484 7),
732 2399 934 2486 incorruptus
950 2400 990 2480 (J.
1008 2399 1040 2479 9,
1058 2393 1105 2482 3).

746 2727 784 2792 n.
851 2695 876 2727 ⁵

547 2955 722 3012 Geruudium
738 2958 766 3010 et
781 2953 984 3010 Gerundirum.

173 3172 205 3237 1ο
224 3172 439 3238 Accusnmvuu
453 3165 631 3257 qeruuclioi
647 3168 716 3232 sine
738 3166 962 3252 praepositione
979 3166 1124 3233 adhiberi
1143 3175 1253 3232 notum
1268 3175 1314 3231 est
1329 3185 1401 3232 oum

127 3279 219 3344 verbs
235 3278 319 3364 iquce
333 3273 518 3364 accipiendi
530 3257 585 3340 aul
606 3271 833 3340 committendi
846 3273 1006 3340 notionem
1030 3249 1169 3339 habeant
1177 3297 1185 3353 ;
1211 3271 1256 3338 sic
1276 3273 1402 3338 Sallus-

129 3383 215 3450 tius:
241 3385 312 3469 Jug.
335 3384 368 3460 6,
394 3384 424 3458 1,
441 3403 508 3446 nort
530 3402 564 3446 se
583 3378 680 3446 lernui
697 3377 980 3468 conrumpendum
997 3377 1104 3458 dedit3
1130 3378 1209 3444 Hist.
1229 3399 1275 3456 nr,
1294 3379 1349 3452 89,
1366 3380 1399 3458 6,

129 3511 202 3558 eum
218 3488 350 3556 interim
365 3509 457 3554 mere
468 3509 625 3576 pecorum
640 3508 695 3553 oos
706 3485 884 3568 multitudo
898 3483 1037 3574 sinqulis
1048 3482 1217 3552 laedendos
1226 3483 1400 3571 fruendos-

129 3618 190 3682 que
205 3595 369 3684 prabetis.
392 3597 491 3661 Paulo
508 3591 602 3660 aliter
630 3577 710 3660 Hist.
733 3615 755 3674 ι,
782 3595 838 3672 51,
854 3593 887 3673 3,
904 3613 969 3658 see
993 3603 1174 3684 corrtempto
1188 3589 1400 3660 metuendum

129 3703 244 3792 effecit.

172 3811 251 3876 Cum
275 3808 498 3896 praepositione
522 3805 719 3876 accusativus
748 3803 935 3894 qeruno'ivi,
966 3814 1117 3894 sequente
1141 3804 1318 3872 accusativo
1343 3805 1400 3870 ob-

126 3915 198 4000 jecti
220 3915 306 4002 apud
332 3915 522 3982 Sallustium
537 3913 655 4000 saepius
677 3912 838 3978 iuvenitur
860 3935 868 4000 ς

172 4045 210 4088 no
226 4059 268 4072 -
284 4023 352 4090 Cat.
371 4024 426 4100 et,
444 4023 476 4099 1,
493 4019 585 4089 docet
595 4041 628 4087 se
637 4018 803 4088 Manlium
812 4015 1060 4108 prmorisiseeod
1066 4040 1140 4086 eum
1152 4015 1400 4086 multitudinem

130 4149 230 4214 quarn
246 4127 293 4194 ad
305 4126 472 4218 cupiunda
490 4149 587 4192 erma
602 4137 801 4216 paraveram
814 4128 885 4212 lug.
903 4127 959 4203 63,
977 4129 1010 4205 9,
1023 4124 1069 4192 ed
1086 4147 1184 4214 quem
1194 4123 1401 4220 capiundum

127 4248 247 4321 praeter
260 4247 454 4302 uetustatem
466 4233 611 4326 familiae
624 4232 694 4300 aliu
713 4233 825 4300 omnio
841 4231 973 4302 aliunde
996 4243 1112 4315 erunt,·
1127 4233 1206 4300 Hist.
1226 4255 1247 4311 1,
1271 4234 1324 4314 15,
1342 4235 1397 4312 95,

88 4425 90 4429 Ι
132 4341 249 4408 tradite
269 4341 456 4430 eaemplum
467 4339 607 4430 posteris
621 4339 668 4407 od
675 4339 914 4432 rempublicam
924 4339 1045 4406 suimet
1062 4339 1234 4430 seuquinis
1252 4317 1424 4406 mercede⁸

131 4447 455 4516 circumveniendam
463 4468 477 4530 ;
495 4450 575 4516 Hist.
599 4449 660 4520 inc.
679 4449 735 4529 59,
751 4446 798 4513 orl
815 4445 1014 4514 auertendum
1029 4445 1126 4514 modo
1142 4447 1176 4512 in
1195 4445 1312 4516 melius
1331 4468 1398 4513 ser-

131 4555 264 4640 uitium3
289 4557 341 4640 (cl.
363 4559 434 4644 lug.
457 4557 512 4636 95,
539 4557 579 4634 3;
596 4557 677 4622 Hist.
695 4579 718 4632 1,
736 4558 790 4634 15,
807 4556 826 4622 3
836 4581 844 4636 ;
867 4557 947 4628 Hist.
970 4576 1017 4638 ω,
1039 4557 1094 4634 82,
1116 4557 1148 4634 7,
1166 4555 1256 4640 etc).

171 4686 207 4760 ou
223 4699 266 4714 -
279 4666 295 4729 J
299 4685 350 4748 ug.
369 4664 424 4741 89,
441 4665 474 4742 9.,
489 4662 690 4730 existumans
701 4661 903 4750 Juqurtlrum
916 4661 956 4727 ob
971 4684 1046 4728 suos
1061 4659 1216 4726 tutandos
1230 4660 1265 4726 in
1280 4683 1399 4726 merrus

132 4781 323 4852 veniturum·
341 4770 399 4855 (cl.
425 4771 500 4848 102,
524 4771 590 4856 19).
618 4771 788 4858 Nunquam
808 4791 882 4837 vero
907 4767 1107 4858 qerundium
1126 4789 1197 4834 curii
1221 4769 1398 4837 accirsativo
