3534 5720
621 401 859 480 ’-777-

126 563 278 630 clusionis
293 561 462 630 enunciata
479 563 637 648 praebent3
660 583 732 650 quae
753 561 883 648 quidem
903 561 968 626 baec
987 570 1061 632 sunt
1078 582 1086 628 :
1103 561 1172 627 Cot.
1192 559 1245 637 77,
1268 563 1306 639 6;
1322 563 1393 648 Jug.

128 671 180 750 33,
203 671 239 748 3;
262 670 316 748 79,
346 671 383 746 7;
405 671 459 748 97,
481 670 514 748 7,
539 669 592 736 nbi
616 669 773 754 particula
786 679 956 757 pestremo
977 667 1164 748 adbibetnr3
1185 670 1256 754 lug.
1282 670 1336 760 23,
1356 671 1396 746 7;

128 778 182 857 66,
201 785 239 857 7;
257 778 312 855 76,
333 779 365 853 7,
387 777 440 842 ubi
453 797 610 863 prorsum
631 776 702 860 Jug.
721 776 776 856 36,
794 777 835 853 7;
853 776 909 853 59,
924 774 961 851 3;
979 776 1033 869 77,
1051 775 1084 855 2,
1102 776 1156 842 ubi
1173 774 1238 854 ite;
1255 777 1325 862 Jug.
1344 777 1398 855 39,

128 887 164 964 2;
184 885 238 962 79,
258 886 291 963 7,
312 881 529 969 7776777777.
552 882 715 950 Addamus
729 885 799 967 lug.
824 883 900 956 773,
917 883 950 960 7,
969 881 1022 948 ubi
1040 881 1196 968 peculiari
1219 882 1310 949 modo
1325 904 1401 960 cou-

126 991 269 1057 cluditur
284 1014 291 1055 :
309 988 456 1056 Bocchus
473 986 604 1054 Sullam
624 986 733 1066 nendo,
750 985 847 1056 modo
861 986 1036 1076 reperite
1054 985 1200 1078 leporum
1216 987 1399 1080 appellare,

129 1096 266 1184 benigue
280 1095 413 1176 7776777,
429 1093 514 1162 idem
529 1093 689 1162 ambobus
693 1093 862 1184 polliceri.
879 1093 937 1161 1777
946 1093 1160 1186 puriterleetc'
1173 1117 1212 1161 77
1225 1094 1297 1186 spei
1311 1095 1403 1166 doctae

124 1202 216 1292 pleni
229 1224 305 1269 7777.
324 1203 425 1287 lgitur
449 1187 506 1268 illa
529 1205 695 1268 enuntiata
717 1203 910 1288 apartioula
934 1201 1129 1269 collectionis
1153 1203 1402 1271 conclusionisve

130 1311 270 1395 incipere
284 1311 385 1376 solere
402 1308 604 1395 perspicuum
615 1317 673 1386 est,
687 1309 772 1394 quod
783 1308 913 1395 quidem
926 1309 957 1374 in
971 1307 1048 1374 locis
1066 1309 1118 1374 ubi
1136 1318 1260 1395 tempus
1277 1310 1412 1390 boilum,

131 1415 312 1495 adhibetur,
325 1416 464 1501 exceptis
478 1425 622 1501 quattuor
635 1424 758 1480 7777777
775 1415 856 1500 (Cat.
871 1415 926 1493 60,
941 1417 977 1495 7,
993 1415 1045 1493 73,
1064 1416 1184 1500 3;Jug.
1198 1415 1253 1494 96,
1268 1417 1307 1496 3;
1326 1418 1402 1496 773,

130 1523 178 1609 2),
203 1523 239 1588 stt
264 1521 425 1588 similiter.
453 1511 563 1588 7177177
582 1521 712 1606 quidem
734 1517 885 1587 undecim
905 1521 971 1587 baec
986 1531 1059 1588 suut
1081 1542 1088 1586 :
1114 1523 1182 1588 Cat.
1210 1510 1267 1600 73,Ι
1285 1524 1322 1602 3;
1346 1525 1403 1604 75,

130 1632 166 1707 5;
184 1630 239 1706 60,
257 1630 378 1714 43Jug.
397 1627 451 1704 38,
470 1630 509 1707 5;
527 1629 580 1706 77,
598 1628 634 1706 5;
652 1628 707 1708 75,
724 1627 764 1706 7;
782 1628 960 1708 emmila,
977 1629 1015 1708 2;
1033 1628 1220 1708 77,7;97,
1237 1630 1347 1708 6;96,
1369 1631 1401 1697 3.

173 1723 347 1802 Sallustius
367 1735 476 1818 igitur,
505 1754 604 1819 quum
627 1734 659 1799 in
675 1734 792 1800 talibus
820 1734 999 1800 enunciatis
1025 1734 1218 1802 infinitivum
1242 1735 1403 1817 adhibeat,

131 1861 242 1908 norum
260 1841 422 1908 notionem
435 1841 529 1906 latius
545 1850 703 1923 patentem
723 1839 812 1906 addit
827 1839 1099 1921 antecedentibus,
1117 1840 1162 1906 ita
1177 1851 1213 1908 ut
1227 1842 1405 1930 singulares
1431 1873 1432 1876 ¹

133 1949 265 2016 actionis
281 1948 375 2013 777777
391 1947 481 2034 quasi
499 1947 632 2030 simplex
648 1955 678 2011 et
693 1965 757 2012 una
774 1949 859 2012 notio
870 1931 1079 2032 concipienda
1093 1946 1147 2028 sit,
1158 1947 1209 2016 cui
1225 1963 1407 2036 opponatur

135 2059 165 2120 in
181 2053 325 2120 eamdem
347 2055 481 2130 77777777
509 2073 658 2138 expressa
680 2053 846 2120 collectiva
865 2053 970 2144 notio;
999 2063 1093 2139 etque
1115 2053 1212 2141 hujus
1240 2065 1407 2123 structurae

135 2164 178 2226 ite
198 2161 359 2226 studiosus
378 2169 436 2238 777,
462 2168 498 2224 ut
516 2160 613 2224 etium
637 2157 669 2224 in
689 2179 753 2225 nno
770 2159 850 2234 loco,
877 2159 930 2224 ubi
943 2159 1093 2247 ‚actiones
1110 2159 1287 2246 singulares
1309 2163 1407 2228 linitis

135 2267 330 2356 temporibus
345 2277 500 2350 expressae
523 2266 598 2342 sint,
622 2265 653 2329 iu
677 2264 880 2330 conclusione
900 2264 1059 2330 infinitivo
1085 2275 1195 2331 utetur
1221 2267 1370 2336 historico
1397 2293 1404 2334 :

87 2361 89 2368 ¹
132 2376 204 2460 lug.
222 2375 277 2452 65,
300 2374 332 2449 6,
351 2371 464 2458 itaque
486 2383 518 2436 77
533 2369 629 2454 illum
649 2381 681 2436 77
699 2370 821 2458 equites
839 2373 1016 2453 llomuaos,
1032 2371 1152 2438 milites
1173 2383 1206 2438 et
1225 2373 1406 2462 negociato-

133 2502 195 2561 res,
211 2477 296 2545 77777
307 2477 386 2566 ipse,
399 2476 574 2566 pleresque
583 2475 677 2564 pacis
690 2498 762 2566 spes
777 2475 917 2566 inpellit,
935 2476 986 2543 777
1003 2479 1143 2544 Romam
1159 2476 1206 2544 ud
1216 2501 1293 2546 7777
1305 2471 1407 2548 neces·

132 2586 245 2654 777777,
263 2605 377 2674 aspere
399 2583 432 2649 77
453 2581 630 2670 Metellum
642 2581 681 2649 de
706 2581 789 2650 67777
812 2581 975 2664 scriberet,
1001 2584 1150 2650 Marium
1176 2585 1408 2674 imperatorem

131 2703 282 2783 posceret.
299 2691 355 2760 ste
370 2689 422 2756 illi
430 2713 451 2756 7
463 2689 576 2758 7777777
585 2688 781 2757 mortalibus
791 2689 1027 2788 77777777777777
1038 2690 1280 2780 suffragatione
1294 2715 1408 2762 777777-

135 2800 222 2867 77777
233 2796 420 2888 petebatur.
438 2795 550 2864 Simul
566 2817 605 2861 77
625 2806 813 2884 tempestate
820 2794 930 2885 pleds,
946 2795 1118 2863 7767777777
1131 2798 1212 2886 [777
1227 2821 1290 2888 per
1305 2787 1421 2889 779777

135 2905 348 2986 Mamilium,
369 2925 469 2986 77777
490 2899 677 2970 7777777677.
703 2904 754 2968 777
773 2901 882 2970 777777
906 2912 1023 2968 777777
1046 2906 1227 2989 procedere.
1254 2908 1312 2976 Hic
1334 2929 1410 2975 sane

136 3014 174 3080 de
197 3012 294 3078 variis
315 3031 350 3078 ac
375 3010 590 3098 singularibus
610 3020 656 3070 777
677 3020 794 3076 777777
811 3006 986 3098 procedere
1011 3010 1164 3090 faciebus,
1192 3022 1346 3100 tanquam
1359 3001 1409 3080 di·

136 3121 233 3186 versis
252 3119 328 3184 locis
342 3117 437 3184 simul
456 3109 492 3184 ao
505 3135 561 3204 per
575 3126 643 3182 acta
657 3115 746 3182 varia
761 3116 949 3194 manifestis,
966 3116 1124 3202 cogitabat
1139 3117 1276 3204 scriptor
1291 3131 1407 3186 noster.

182 3229 238 3294 l0⁰
260 3227 307 3291 De
327 3222 493 3313 subjectis.
516 3261 557 3272 -
581 3223 670 3290 Nunc
690 3224 730 3289 ad
756 3223 898 3310 subjecta
927 3223 1159 3290 infinitivorum
1187 3227 1410 3294 historicorum

137 3333 314 3400 veniemus.
332 3333 437 3411 Quum
458 3350 495 3396 ea
512 3330 671 3396 infinitiva
693 3349 755 3394 non
783 3329 845 3396 nisi
871 3329 903 3396 in
927 3330 1105 3397 enunciatis
1128 3331 1289 3417 primariis
1309 3354 1412 3421 neque

138 3439 281 3508 obnoxiis
300 3450 479 3514 versentur,
499 3437 645 3523 sequitur
664 3448 699 3504 ut
713 3435 891 3521 subjectum
906 3455 1030 3522 semper
1048 3437 1246 3505 nominativo
1261 3461 1335 3507 casu
1354 3433 1411 3527 'po-

138 3546 279 3614 nendum
298 3544 350 3612 sit.
368 3544 466 3630 Cujus
481 3563 554 3609 vero
569 3542 694 3628 generis
707 3561 773 3608 esse
789 3542 901 3628 possit,
916 3552 1135 3628 atque-utrum
1149 3565 1232 3612 unus
1247 3567 1287 3614 77
1305 3531 1422 3635 7177777

139 3653 249 3721 adesse
267 3651 414 3731 debeant,
432 3669 533 3736 quum
552 3650 660 3736 plnres
684 3647 836 3714 infinitivi
862 3660 1042 3728 occurrent,
1068 3647 1106 3716 de
1123 3650 1162 3717 iis
1190 3653 1257 3738 jam
1279 3655 1432 3740 quaestio·

140 3757 335 3826 instituenda
358 3776 426 3824 esse
440 3756 578 3822 videtur.
767 3843 770 3850 Ι

183 3866 216 3932 Si
238 3863 408 3950 diligenter
423 3863 510 3928 locos
524 3861 737 3928 Sallustianos
757 3861 943 3946 inspexeris,
957 3860 1130 3928 maximam
1146 3872 1268 3949 partem
1289 3867 1413 3952 subjec-

140 3983 244 4038 torum
266 3951 443 4038 animantia
459 3967 600 4058 praebere
621 3967 713 4034 facile
732 3968 928 4052 cognoveris,
951 3967 1036 4053 quod
1059 3987 1096 4034 ex
1121 3978 1237 4037 natura
1261 3991 1296 4037 77
1318 3987 1411 4038 sensu

141 4077 280 4144 historici
307 4075 456 4158 infinitivi
474 4074 692 4160 consequitur,
708 4093 820 4160 eaque,
837 4073 862 4166 77
893 4073 1032 4160 excipias
1045 4075 1122 4161 lug,
1136 4077 1191 4156 50,
1213 4078 1247 4156 6,
1266 4078 1319 4144 ubi
1336 4079 1415 4166 equi

142 4184 334 4261 inveniatur,
356 4201 507 4269 personas
522 4200 647 4266 semper
660 4199 739 4260 esse,
757 4198 841 4246 nunc
856 4180 994 4266 propriis
1015 4191 1070 4247 aut
1090 4183 1294 4269 appellativis
1309 4186 1414 4252 nomi-

141 4291 247 4370 nibus,
263 4310 347 4356 nunc
367 4287 465 4356 7777777
480 4295 536 4359 aut
550 4285 685 4352 77677777
701 4285 957 4372 pronominibus,
974 4287 1142 4354 autetiam
1157 4289 1292 4356 infinitis
1306 4310 1415 4358 nume-

143 4397 263 4463 ralibus
287 4389 469 4462 nominibus
491 4413 665 4482 expressas.
694 4393 779 4458 luter
798 4411 1007 4490 personarum
1035 4397 1238 4481 pronomina,
1268 4399 1414 4466 secundae

144 4523 283 4589 personae
298 4520 485 4589 pronomen,
507 4509 543 4566 ut
554 4519 611 4588 pur
625 4510 684 4577 est,
702 4518 859 4584 nusquam
873 4518 975 4586 neque
992 4487 1077 4586 apud
1092 4491 1431 4602 Sallustiumneque'

144 4609 227 4694 apud
249 4608 328 4674 elios
343 4607 510 4693 scriptores
527 4605 705 4684 invenitur;
729 4607 840 4690 primae
862 4623 934 4670 vero
959 4625 1103 4690 personae
1122 4628 1311 4694 pronomen,
1330 4611 1414 4698 quod

145 4736 162 4781 a
191 4722 296 4782 nostro
323 4725 450 4780 auctore
475 4731 539 4778 non
566 4720 754 4796 usurpatur,
785 4729 858 4776 raro
887 4715 972 4795 apud
1001 4711 1185 4781 Ciceronem
1212 4715 1414 4810 Terentium.
1450 4731 1453 4738 ·

1241 4825 1268 4876 77
