3534 5720
652 397 850 454 -t3t—

158 540 191 604 4⁰
215 541 272 604 Nu
289 561 407 614 nentour
431 560 556 619 racana,
575 540 642 606 Cat.
670 543 719 628 ll,
742 541 774 617 7,
796 539 884 605 uiliil
895 539 1015 628 reliqui
1028 539 1119 606 vietis
1131 540 1257 626 feeere;
1276 541 1330 620 28,
1352 543 1384 620 4,

112 644 234 731 qeilhaes
252 645 365 712 lubido
386 658 484 734 utque
500 645 635 711 lueruiu
658 668 697 712 eu
717 647 847 734 maqru's
867 647 994 736 rupiuis
1007 645 1096 712 riiltil
1105 645 1227 732 reliqui
1236 647 1384 734 secerul3

112 755 165 830 52,
185 755 219 832 4,
238 765 338 842 euple
357 751 437 818 rude
452 752 539 817 uilzil
549 753 591 841 sil
604 753 725 840 reliqui
738 753 849 831 uictis;
869 755 922 840 (ci.
939 755 1006 820 Cot.
1026 753 1080 832 20,
1100 754 1152 830 43,
1174 751 1257 840 quid
1269 751 1389 840 reliqui

11 885 12 890 ¹
110 859 272 926 laudemus
284 871 405 948 prater
423 860 577 926 miseram
603 859 774 927 enimam?
789 861 828 927 dt
850 871 959 926 contra
981 863 997 926 J
1002 881 1052 946 ug.
1075 861 1129 937 78,
1148 861 1179 940 4,
1192 881 1332 948 prorsus
1345 859 1386 924 ab

110 967 262 1054 utrisque
275 965 361 1032 rtidil
373 965 538 1054 reliquum
554 967 632 1060 sieri
653 968 691 1051 ¹.)
713 969 897 1033 «Prinraria
916 968 1046 1054 genitivi
1062 977 1225 1053 potestate,
1249 966 1386 1032 Kritaius

110 1076 219 1161 inquit
235 1075 288 1157 (ad
302 1078 371 1140 Cat.
391 1095 425 1153 ιι,
443 1075 492 1160 7),
510 1075 606 1140 etiam
622 1075 704 1140 illud
723 1077 904 1141 consuetur
924 1085 958 1141 ut
970 1077 1109 1162 genitivo
1129 1075 1326 1160 significetur
1341 1074 1384 1154 id,

108 1183 203 1268 cujus
221 1183 285 1246 alia
309 1201 359 1246 res
376 1201 447 1265 pars
468 1192 526 1258 est,
552 1181 634 1246 unde
659 1191 726 1246 turn
746 1183 817 1246 alicu
838 1181 990 1248 dictiones
1008 1191 1074 1246 tunt
1089 1183 1154 1246 haec
1172 1194 1279 1247 nostra
1294 1201 1385 1266 repe-

111 1289 215 1355 tendae
230 1298 315 1354 sunt.
340 1287 439 1372 Igitur
457 1289 570 1376 fucere
585 1286 715 1374 aliquid
732 1287 854 1374 reliqui
872 1289 1000 1374 proprie
1016 1293 1061 1353 est
1076 1288 1187 1375 lucere
1206 1299 1243 1352 ut
1257 1285 1389 1374 uliqulcl

108 1393 150 1458 sit
162 1393 237 1482 ejus
255 1399 320 1460 sive
335 1415 375 1459 ere
390 1415 426 1458 eo
437 1392 528 1480 qued
539 1393 704 1480 reliquum
716 1405 772 1474 est,
791 1395 882 1460 idest
895 1395 1007 1477 lucere
1022 1405 1058 1459 ul
1075 1389 1206 1480 aliquid
1220 1393 1385 1480 reliquum

11 1581 12 1586 ἵ
108 1502 160 1577 sit,
184 1505 235 1567 vel
252 1502 378 1567 brevius
399 1505 493 1566 etiam
512 1501 621 1588 secere
635 1499 767 1587 aliquid
783 1500 960 1588 reliquum.
989 1529 999 1560 ι

11 1591 12 1616 ³
152 1610 188 1674 2⁰
213 1610 303 1676 Nion
327 1629 413 1674 usust
438 1631 556 1674 asason
578 1609 648 1694 (nac
672 1630 822 1682 outcounu
841 1630 926 1674 ratusr
947 1593 1090 1692 asueni).
1107 1610 1251 1674 —Hanc
1271 1607 1386 1672 dictio·
1404 1638 1406 1643 ·

112 1736 232 1796 nem,a
258 1717 370 1781 Plauto
392 1715 476 1780 baud
500 1736 574 1806 raro
594 1725 781 1799 usurpatam
802 1717 907 1798 (Truc.
926 1736 968 1793 ιν,
993 1717 1026 1795 2,
1047 1717 1101 1794 52,
1123 1735 1180 1780 aree
1195 1713 1278 1802 quid
1297 1713 1383 1779 dice-

111 1833 194 1901 rent,
211 1843 269 1888 uec
292 1820 380 1910 quid
394 1821 556 1910 furerent,
578 1822 750 1908 quiequam
774 1843 933 1908 tenequum
954 1824 1040 1908 pensi
1060 1821 1189 1909 fuisse),
1213 1822 1384 1887 Sallustius

113 1928 257 1995 adhibuit
271 1931 340 1995 Cat.
359 1931 391 2005 5,
409 1930 442 2007 6,
459 1949 563 2016 ireque
587 1926 624 1993 iel
636 1927 755 2016 quibus
767 1927 874 1996 modis
892 1927 1136 2017 adsequeretur,
1154 1965 1199 1977 -
1213 1928 1383 2015 quicquam

115 2037 197 2124 prensi
211 2035 370 2112 ludelau
388 2037 441 2114 42,
458 2037 491 2114 2,
507 2036 586 2100 nihil
605 2035 693 2120 pensi
710 2057 815 2123 neque
832 2037 984 2102 moderati
999 2035 1136 2116 liudere3
1160 2037 1215 2116 23,
1232 2036 1264 2114 2,
1280 2023 1396 2124 pror!

113 2164 164 2206 sus
188 2163 292 2230 oeque
311 2141 417 2208 dicere
438 2163 543 2231 ueqate
559 2142 671 2228 fucere
691 2143 861 2229 quiequam
880 2145 967 2228 pensi
987 2141 1148 2231 debebam
1164 2144 1217 2222 52,
1236 2143 1290 2222 34,
1308 2141 1383 2228 qui·
1405 2229 1410 2236 .

115 2247 170 2314 lus
185 2249 214 2314 si
228 2251 400 2336 quicquam
412 2253 583 2336 'umquam
594 2247 691 2337 peusi
700 2249 836 2338 suisset3
856 2251 927 2335 lug.
943 2250 998 2330 4l,
1015 2251 1048 2328 9,
1069 2249 1150 2316 uibil
1173 2249 1262 2334 pensi
1278 2263 1382 2336 ueque

116 2358 211 2421 sancti
233 2355 365 2422 dedere.
393 2358 515 2434 Quibus
535 2356 682 2422 omnibus
698 2357 775 2421 locis
792 2378 933 2446 pensum
956 2339 1123 2422 idemlere
1136 2356 1242 2421 valere
1258 2375 1293 2421 ac
1304 2377 1382 2443 per-

113 2483 244 2548 pensum
263 2463 327 2527 sive
348 2461 592 2527 eorisiderutuue
608 2462 810 2549 perspicuum
829 2474 893 2539 est;
912 2461 1002 2548 cujus
1018 2462 1102 2528 vocis
1118 2463 1218 2551 origo,
1237 2472 1271 2527 ut
1284 2462 1381 2526 Diels-

117 2567 198 2634 chius
219 2581 337 2648 mouet,
355 2591 373 2634 a
395 2580 499 2634 vetere
518 2570 733 2636 Romanorum
747 2569 977 2636 consuetudine
999 2569 1171 2656 repetenda
1190 2569 1381 2655 estquibus

116 2677 303 2761 temporibus
323 2677 447 2741 nullam
471 2677 614 2761 pecuniae
637 2697 805 2756 summam,
834 2689 962 2762 propter
985 2677 1173 2762 gravitatem
1198 2676 1270 2743 aeris
1295 2675 1380 2762 quod

115 2793 186 2848 tunc
199 2784 301 2850 solum
314 2783 346 2850 in
364 2804 423 2849 usu
444 2795 525 2862 erat,
547 2783 647 2868 accipi
664 2783 732 2848 sine
749 2784 859 2850 fraude
875 2794 1009 2868 poterat,
1027 2785 1089 2850 nisi
1108 2803 1240 2870 pensum
1257 2783 1378 2861 luisset,

115 2909 172 2954 non
188 2900 401 2956 numeratum.
427 2891 521 2956 Falso
547 2909 621 2954 vero
639 2891 793 2971 Kritaius,
810 2891 861 2956 cui
882 2893 1020 2957 lawsius
1042 2891 1100 2979 (De
1120 2889 1244 2956 dicendi
1266 2909 1380 2975 genere

115 2996 205 3082 Sall.)
223 2998 405 3076 assentitur,
427 2998 601 3082 genitivum
627 2999 721 3082 pretii
745 2999 810 3064 illis
826 2999 980 3084 exemplis
1005 2998 1089 3064 videt
1108 3009 1225 3064 etcum
1246 2997 1381 3064 locutio-

115 3104 201 3170 nibus
223 3103 341 3192 muqui
355 3105 477 3191 fucere,
497 3103 631 3183 laudere,
648 3126 714 3170 esse
731 3105 856 3172 'confert
866 3132 874 3186 ;
897 3127 971 3172 nam
986 3125 1022 3171 es
1043 3125 1117 3171 voce
1131 3104 1311 3193 quicquum
1325 3125 1379 3190 ge·

115 3210 241 3276 uilicum
255 3211 355 3300 peresi
371 3212 495 3296 pendet.
512 3214 695 3296 liruegerus
708 3213 803 3278 etiam
820 3215 973 3294 (uranu.
991 3235 1027 3292 ιι,
1040 3233 1071 3297 p.
1088 3213 1164 3296 462,
1183 3212 1256 3278 ado.
1276 3213 1323 3298 3),
1348 3213 1378 3276 in
1455 3211 1456 3214 ’

115 3319 368 3388 eo.vebernenter
383 3319 513 3398 erravit,
531 3319 616 3408 quod
638 3317 718 3384 dixit
735 3340 839 3407 aeque
855 3319 1032 3406 quicquum
1049 3318 1277 3385 adverbialiter
1295 3320 1379 3404 posi-

118 3431 255 3490 tumesse
279 3445 336 3510 pro
349 3426 427 3504 rcere,
444 3426 494 3491 cui
512 3410 729 3511 explanationi
751 3439 906 3513 repugnat
920 3428 1100 3514 exemplum
1115 3447 1178 3492 nou
1198 3427 1377 3514 negativum

117 3531 178 3595 Cat.
196 3533 249 3612 52,
272 3533 325 3598 34.
1291 3534 1294 3538 ’

640 3761 768 3830 CAPUT
790 3763 842 3830 lll.
888 3825 890 3828 .

549 3961 587 4004 Db}
607 3958 853 4006 enueosutoutttt
865 3961 933 4007 USU.

733 4153 757 4216 l.

370 4323 588 4396 praepositiones
603 4341 668 4396 quoe
684 4338 748 4380 eum
760 4327 924 4387 ,accusativo
937 4327 1110 4398 junguntur.

152 4488 206 4552 bo.
223 4525 268 4538 -
290 4471 347 4554 Ad
367 4489 613 4574 praepositionis,
639 4472 823 4558 directionis
845 4493 1089 4576 significatione,
1119 4495 1243 4582 insigne
1267 4517 1374 4564 exem-

117 4594 196 4674 plum
211 4596 330 4682 praebet
355 4597 526 4662 Sallustius
548 4599 619 4684 lug.
646 4600 676 4677 l,
695 4600 727 4678 4,
749 4598 803 4665 siu
826 4612 944 4690 ceptris
961 4604 1076 4690 prucis
1096 4601 1306 4691 cupidinibus
1333 4601 1380 4670 uel

143 4725 162 4772 l.
179 4725 251 4775 Wirz
265 4725 372 4790 conjicit
387 4727 487 4792 reliqui
502 4729 674 4791 exscriptore
689 4729 786 4779 codicis
802 4732 832 4779 Ρι
847 4733 959 4797 reteque.
