3534 5720
687 477 882 536 —idll-

150 633 309 710 apparent
317 646 326 702 ;
346 620 486 710 denique
500 621 639 688 actiones
661 642 741 708 quas
759 621 909 710 exprimit
928 641 991 686 non
1017 622 1150 706 singulae
1165 629 1349 697 occurrunt,
1369 619 1424 685 sed

149 729 268 815 saepius
285 729 426 815 repetita
445 737 474 794 et
490 727 622 794 alternis
636 727 758 794 vicibus
773 727 974 795 succedentes
994 728 1052 792 sub
1069 727 1167 793 animi
1188 747 1280 793 sensu
1299 745 1422 813 ponun·
1515 807 1521 818 ¹

149 849 221 903 tur:
236 837 285 902 sin
298 847 403 902 autem
416 837 498 902 aetio
514 836 581 901 sola
597 841 762 921 appareat,
777 835 809 901 in
820 835 962 903 diversas
973 835 1018 900 rei
1030 835 1189 920 lauiesper
1202 847 1330 900 mutuas
1342 835 1423 899 vices

147 954 351 1010 occursantes
367 942 532 1008 dividitur.

193 1051 317 1130 Quibus
337 1048 500 1136 expositis.
522 1048 603 1115 hauc
627 1060 742 1115 nostrae
763 1047 889 1114 dicendi
911 1049 1019 1116 torma
1034 1049 1253 1115 definitionem
1273 1047 1421 1114 constitui

146 1157 400 1223 consentaneum
414 1153 562 1222 videtur:
582 1157 644 1220 Per
658 1153 860 1244 infinitivum
879 1153 1070 1226 historicum
1090 1155 1210 1221 acriter
1229 1153 1263 1220 in
1278 1175 1422 1220 narran-

145 1261 199 1329 dis
214 1261 323 1340 redas,
339 1260 496 1328 adhibitis
510 1259 657 1327 absolute
674 1259 793 1349 positis
807 1259 1007 1342 notionibus,
1025 1284 1065 1328 ac
1082 1259 1216 1328 sublata
1236 1273 1421 1352 temporum

145 1367 351 1458 definitione,
373 1369 485 1434 animo
501 1367 628 1434 lectoris
653 1369 861 1456 csfinpuntar
882 1380 942 1432 acet
957 1368 1059 1435 varice
1074 1367 1174 1435 cenius
1196 1351 1420 1434 multorumve

145 1475 320 1542 actionum
344 1473 593 1564 praeteritarum
630 1473 750 1564 saepias
777 1473 922 1563 repetita
946 1474 1065 1562 socies,
1092 1487 1151 1541 aut
1175 1475 1255 1564 ipsa
1279 1474 1422 1540 actiones

137 1582 249 1671 juata
252 1582 384 1672 posita,
397 1581 510 1669 quales
529 1579 655 1670 rapidis
671 1579 948 1647 vicissitudinibus
962 1581 1163 1648 alternantes
1178 1593 1366 1648 occurrunt.

192 1692 227 1755 4⁰
253 1687 344 1770 Quid
363 1687 491 1754 intersit
509 1686 858 1754 intertrimentum.
882 1699 914 1753 et
926 1688 1025 1778 finita
1043 1701 1192 1782 temporo
1209 1689 1420 1777 (perfectum,

139 1816 289 1884 praeseus
308 1793 514 1874 historicum,
528 1793 783 1884 imperfectum).
803 1831 847 1844 —
858 1795 931 1874 Sed,
948 1806 982 1860 ut
997 1795 1113 1862 nostrae
1127 1796 1296 1861 locutionis
1307 1808 1423 1860 natura

141 1902 266 1968 clarius
293 1901 515 1987 perspiciatur,
542 1903 614 1967 cuin
634 1901 780 1990 perfecto
807 1912 861 1968 aut
885 1901 1043 1990 prasenti
1078 1901 1232 1967 historico
1261 1902 1431 1987 simulque·

141 2029 219 2075 euru
239 2007 432 2096 imperfecto
456 2007 650 2073 instituenda
665 2006 792 2073 videtur
812 2009 1018 2092 comparatio.
1038 2009 1115 2088 Quae
1132 2002 1261 2095 quidem
1278 2021 1420 2093 tempora

143 2117 246 2198 (nuuc
270 2115 372 2192 atiud,
399 2135 483 2180 nune
506 2114 607 2192 aliud,
628 2134 739 2179 sensus
764 2114 887 2180 ratione
914 2103 1046 2202 habita)¹
1063 2115 1103 2180 ad
1126 2136 1175 2182 res
1204 2115 1422 2202 explanandas

142 2231 254 2306 partes
271 2219 420 2286 infinitivi
444 2219 584 2286 historici
600 2219 672 2305 jure'
688 2213 878 2306 suscipiunt.
974 2295 977 2300 ¹

189 2326 382 2414 Perfectum
394 2325 430 2392 'uc
439 2348 582 2415 presens
593 2319 1040 2415 iictorc'cum'aeque'prolecto
1057 2329 1217 2415 praeterita
1228 2329 1430 2416 lactaoxpri··

142 2443 250 2511 munt,
274 2435 333 2500 hoc
351 2445 456 2500 autem
477 2444 628 2520 tanquam
648 2433 832 2521 praesentim
854 2433 908 2500 sed
924 2455 1049 2521 semper
1063 2436 1240 2520 singularia
1255 2456 1293 2502 ea
1310 2456 1420 2523 propo·

142 2543 194 2606 nit
216 2538 389 2627 utrumque
410 2535 546 2626 tempus,
588 2550 618 2606 et
656 2552 808 2627 tanquam
827 2535 928 2609 'uliud
957 2541 1057 2608 aliuin
1081 2543 1282 2629 excipientia,
1314 2544 1358 2608 ita
1387 2554 1422 2608 ut

141 2647 236 2714 aliud
252 2668 289 2726 ex
306 2648 369 2712 alio
392 2648 529 2734 pendere
552 2668 677 2713 necesse
696 2649 747 2713 sit.
763 2643 950 2714 ‘Infinitivus
968 2659 1078 2715 contra
1098 2650 1129 2714 iu
1147 2651 1309 2736 praeterito'
1326 2645 1420 2716 eifinss

139 2756 186 2841 git
199 2754 294 2841 juxta
315 2753 433 2839 positas
457 2755 630 2841 eodemque
651 2764 791 2839 tempore
819 2755 953 2822 invicem
971 2756 1185 2834 succedentes,
1208 2777 1243 2822 ac
1258 2758 1420 2842 perpetuis

141 2849 1419 2949 vicissitudinibusrenovatas‘auiones,quarumunaquaequetanquamdiversa

142 2969 241 3034 unius
254 2967 298 3032 rei
315 2967 411 3033 facies
428 2968 484 3033 alii
500 2966 643 3032 immixta
655 2967 863 3055 intelligenda
878 2981 936 3034 est.
955 2970 1064 3055 ltaque
1077 2969 1157 3035 dixit
1172 2969 1300 3036 Caesar:
1325 2969 1415 3046 Veni,

140 3073 222 3156 uidi,
236 3067 317 3157 uici;
330 3096 402 3140 nam
416 3077 482 3140 liaeo
498 3075 559 3141 tria
580 3075 661 3140 iacta
676 3067 816 3141 invicem
831 3061 1006 3162 excipiunt,
1024 3071 1069 3142 ita
1088 3087 1122 3143 ut
1136 3075 1265 3143 uincere
1281 3078 1416 3143 nonnisi

143 3193 214 3269 post
229 3177 350 3260 uidere,
375 3183 512 3267 itemque
527 3179 636 3248 videre
651 3175 714 3248 non
735 3183 795 3247 nisi
816 3195 885 3269 post
903 3179 1013 3249 uenire
1028 3183 1164 3268 intelligi
1183 3185 1293 3270 possit,
1316 3204 1418 3271 nequo

140 3312 179 3356 ea
199 3289 295 3355 simul
316 3289 398 3355 sacta
422 3299 517 3375 atque
539 3289 739 3355 occursantia
759 3290 930 3376 quisquam
949 3289 1138 3357 contendere
1155 3291 1283 3356 audeat.
1300 3291 1416 3376 Imper-

143 3398 257 3462 fectum
273 3417 345 3462 vero
371 3397 437 3462 non‘
449 3399 553 3461 solum
567 3403 685 3463 statum
711 3407 766 3462 aut
788 3379 921 3463 actionis
936 3397 1100 3484 cujusdam
1122 3397 1369 3464 diuturnitatem
1386 3399 1416 3463 in

143 3493 302 3587 praeterito
327 3495 488 3589 exprimit,
512 3503 737 3569 verumetiam
760 3495 916 3569 actionem
934 3505 965 3568 in
991 3504 1149 3590 premerito
1166 3505 1346 3588 repetitam,
1363 3505 1416 3570 sod

142 3612 186 3676 ita
207 3609 315 3676 utilia
338 3610 483 3696 repetitio
508 3607 695 3700 singulisne
719 3610 859 3676 definitis
881 3612 1032 3696 temporis
1051 3610 1218 3677 momentis
1239 3609 1306 3689 tat,
1331 3590 1427 3696 quod

140 3709 271 3802 quidem
287 3717 319 3781 in
339 3715 489 3781 historico
511 3705 669 3783 infinitivo
685 3713 748 3783 non
764 3727 909 3803 apparet.
926 3719 1030 3798 Quum
1043 3719 1217 3783 Sallustius
1232 3715 1310 3784 dicit
1331 3719 1414 3804 (lug.

142 3823 218 3900 tos,
238 3824 270 3910 i)
288 3845 295 3889 :
313 3821 362 3888 idi
374 3829 449 3888 eum
464 3823 596 3889 Boccdo'
611 3821 760 3892 Numida
779 3821 929 3912 quidam,
944 3825 1054 3912 Aspar
1066 3817 1210 3901 nomine,
1228 3823 1371 3890 multum
1386 3837 1418 3890 et

138 3927 359 4016 familiariter
376 3928 507 4018 apebat,
533 3913 663 3996 verbum
687 3951 785 4018 apere
805 3927 957 4016 tanquam
977 3932 1147 4016 multiplex
1171 3933 1289 3997 lactum
1308 3931 1415 4017 expri-

142 4056 229 4102 mens
246 4036 488 4122 intelligendum
510 4047 567 4115 est,
581 4037 665 4124 quod
681 4039 798 4122 saepius
813 4037 955 4126 quidem,
973 4038 1115 4104 delinitis
1134 4057 1208 4103 vero
1224 4058 1259 4102 ac
1280 4037 1415 4123 singuiis

141 4143 347 4228 temporibus,
367 4163 423 4228 per
438 4143 520 4209 vices
534 4143 779 4228 redintegratur.
798 4145 915 4210 Contra
927 4145 999 4230 lug.
1016 4145 1071 4224 50,
1086 4143 1181 4223 6,sin
1196 4143 1415 4234 opportunior

138 4248 230 4337 supa
245 4247 337 4315 collis
357 4270 458 4338 quom
482 4249 594 4339 campi
603 4250 731 4338 suerat,
754 4271 794 4340 ea
812 4239 889 4316 uero
916 4249 1064 4316 consueti
1074 4246 1313 4319 'Numidarum
1338 4251 1417 4337 equi

139 4354 240 4436 facile
256 4355 342 4421 inter
355 4355 502 4444 uirpulta
517 4354 670 4438 euadere3
692 4369 818 4424 nostros
837 4357 997 4446 asperitas
1017 4369 1050 4422 et
1064 4357 1238 4424 insolentia
1254 4355 1319 4422 loci
1335 4355 1415 4423 reti-

141 4461 250 4542 nebat,
279 4463 523 4552 intelligendum
547 4473 594 4530 est
617 4484 727 4550 equos,
757 4463 807 4529 hio
828 4470 944 4550 paucos
967 4462 1032 4531 illic
1054 4467 1185 4542 multos,
1210 4465 1308 4528 variis
1339 4465 1414 4530 locis

140 4571 233 4635 simul
252 4569 392 4656 undique
404 4571 577 4651 venientes,
595 4583 623 4631 τὸ
636 4569 772 4637 euadere
783 4573 965 4655 perfecisse;
978 4571 1088 4637 eadem
1101 4553 1292 4658 igituractio
1309 4569 1414 4636 varias

141 4677 256 4770 species
272 4678 373 4742 oeulis
387 4679 516 4762 praebet,
539 4678 623 4744 unde
644 4678 820 4745 infinitivus
842 4678 1008 4745 historicus
1018 4703 1026 4757 ;
1042 4678 1182 4744 retinere
1200 4697 1275 4742 vero
1290 4675 1412 4742 diutur-

143 4774 271 4849 nitatem
291 4771 458 4868 exprimit,
482 4783 676 4874 itaque‘jam
705 4789 771 4852 n‘on‘
789 4785 979 4867 infinitivus,
1004 4787 1058 4852 sed
1088 4774 1411 4873 imperfectum'usur·
1465 4775 1467 4778 ’
