3666 5724
769 448 925 512 ..5-

250 603 287 668 B.
308 635 353 652 -
370 601 554 668 Decumum
572 620 717 666 suanum.
738 599 888 666 Formam
911 595 1041 682 genitivi
1063 595 1076 662 i
1094 616 1152 682 pro
1167 594 1193 662 ii
1207 614 1332 681 semper
1346 593 1478 662 adhibet

206 706 394 787 Sallustius,
409 726 473 774 non
489 707 592 774 solum
605 705 638 772 in
654 705 838 773 nominibus
850 704 999 793 propriis,
1016 702 1179 769 sedetiam
1195 702 1228 768 in
1241 701 1475 780 communibus,

206 815 240 880 in
256 813 319 894 ius,
336 813 406 880 ium
417 813 648 890 desinentibus,
662 810 831 890 utconsili‚
844 809 967 900 inponi,
980 820 1054 884 etc..
1067 809 1151 897 quod
1161 809 1200 876 ab
1212 808 1359 894 omnibus
1375 807 1478 875 aetatis

205 919 275 1006 ejus
294 918 501 1005 scriptoribus
517 920 590 1005 plus
604 919 751 988 minusve
769 919 970 985 observatum
985 917 1082 984 luisse
1101 926 1232 983 constat.
1250 914 1401 1004 Adjectivi
1419 935 1478 982 au-

205 1036 268 1092 tem
288 1046 453 1113 nunquam
473 1027 555 1094 banc
574 1027 732 1114 syzygiam
747 1025 925 1111 patiuntur.
1249 1096 1253 1103 .

250 1132 407 1200 Similiter
426 1131 477 1200 dis
490 1153 547 1219 pro
567 1131 629 1200 diis
643 1152 767 1218 semper
780 1131 891 1198 scribit
906 1131 928 1210 ¹,
946 1130 1170 1218 interdumque
1185 1127 1285 1208 ialam,
1305 1126 1406 1196 t'sclcm
1420 1149 1477 1215 pro

205 1235 319 1318 iidem,
337 1237 452 1308 iisdem
471 1241 522 1326 (V.
545 1240 584 1310 ad
600 1259 787 1325 pronomen,
806 1259 879 1325 pars
898 1259 933 1315 ιι,
950 1259 980 1324 p.
998 1239 1077 1323 39).·

102 1343 105 1350 ’
249 1345 382 1414 Generis
400 1347 535 1412 mutatio
551 1347 692 1414 notanda
706 1357 753 1414 est
769 1347 801 1412 in
821 1345 923 1412 tribus
938 1345 1042 1410 verbis
1066 1367 1074 1412 :
1099 1345 1209 1433 sorus,
1231 1342 1407 1410 masculino
1422 1361 1479 1428 ge·

204 1471 294 1530 nere,
325 1453 514 1541 prosarum
536 1454 630 1539 (Hist.
649 1475 671 1530 1,
694 1453 763 1538 76),
791 1453 892 1520 lorma
910 1452 1053 1518 obsoleta
1073 1451 1228 1518 abucilio
1249 1460 1280 1516 et
1303 1449 1477 1535 Pomponio

204 1558 366 1638 adbibita3
387 1560 463 1626 item
476 1557 610 1648 colpum
632 1561 672 1645 (l.
695 1561 750 1639 69,
768 1561 805 1641 2;
823 1559 877 1637 73,
894 1559 928 1644 6)
946 1580 1003 1646 pro
1018 1557 1150 1647 nolarum
1171 1555 1319 1624 etcadus
1337 1557 1477 1644 (lacilem

202 1665 323 1732 uadum
337 1667 376 1731 H.
399 1689 419 1744 ι,
441 1667 513 1751 68),
530 1686 588 1751 pro
603 1664 739 1746 uadum,
756 1688 836 1753 quas
854 1666 973 1733 formas
992 1687 1011 1730 a
1026 1666 1174 1744 Sisenna,
1190 1664 1298 1744 Accio,
1320 1665 1475 1739 Varrone,

201 1772 325 1840 Nonius
339 1781 472 1839 testatur
487 1773 646 1840 adbibitus
661 1774 769 1840 luisse.

247 1878 336 1946 Adde
353 1877 418 1945 loci
430 1900 484 1965 pro
504 1879 590 1960 loca,
605 1900 698 1946 sensu
715 1878 839 1966 vulgari
858 1881 950 1966 :lup
975 1881 1082 1959 18,1;
1100 1879 1154 1956 30,
1173 1879 1209 1958 1;
1227 1879 1282 1955 66,
1302 1878 1338 1956 1;
1360 1877 1415 1954 76,
1438 1876 1474 1953 1;

203 1987 259 2063 ra,
277 1987 312 2066 ι;
332 1986 388 2064 aa,
405 1987 442 2066 ι,
462 1987 518 2065 or,
537 1987 567 2052 ι.
589 1988 648 2070 (cr.
665 1967 793 2054 nucib.
812 1987 886 2053 nst.
904 2006 1004 2073 gram.
1024 1987 1079 2053 ιιι.
1097 1990 1122 2062 ι,
1141 1985 1232 2071 roa.)

249 2092 285 2160 C.
307 2129 352 2142 -
369 2095 557 2160 Docuiunrro
575 2115 695 2160 ιιιιιιιι.
716 2128 761 2145 -
779 2093 1011 2160 Accusatiuum
1027 2093 1163 2180 pluralis
1177 2093 1278 2159 tertiae
1293 2089 1476 2157 declinatio·

203 2198 255 2264 nis
272 2198 304 2266 in
322 2197 348 2266 is
363 2219 488 2287 semper
507 2202 674 2288 usurpavit
688 2200 862 2267 Sallustius
880 2201 912 2268 in
932 2201 969 2267 iis
984 2200 1146 2267 vocabulis
1162 2220 1233 2286 quar
1248 2198 1424 2284 genitivum
1444 2195 1476 2260 in
1493 2253 1496 2260 .

203 2305 276 2372 ium
294 2319 461 2373 exeuntem
481 2307 622 2373 babent:
644 2328 716 2394 qum
735 2307 865 2394 quidem
885 2308 985 2373 forma
1005 2309 1072 2373 sola
1086 2306 1228 2393 legitima
1247 2316 1305 2383 est,
1328 2313 1362 2370 ut
1383 2304 1477 2390 plane

203 2412 435 2479 demonstravit
449 2414 636 2482 Corssenius
653 2415 692 2502 (1,
710 2415 732 2480 l.
752 2435 783 2501 p.
801 2415 896 2500 711);
924 2415 956 2479 ἰιι
974 2415 1046 2480 aliis
1061 2424 1166 2480 autem
1182 2411 1356 2488 vocabulis,
1375 2410 1477 2475 forma
1590 2415 1592 2419 “

204 2519 238 2584 in
258 2540 292 2585 es
316 2519 400 2605 apud
421 2521 612 2588 Sallustium
636 2531 819 2608 ceterosque
839 2541 944 2587 aureae
965 2522 1067 2588 aetatis
1089 2521 1259 2606 scriptores
1279 2517 1478 2605 praeferenda

204 2644 272 2692 esse
292 2626 427 2692 videtur.
448 2629 493 2694 De
508 2648 571 2714 qua
586 2648 619 2694 re
637 2629 730 2713 plura
747 2630 813 2716 lege
826 2628 911 2714 apud
927 2628 1123 2695 Schultzium
1144 2629 1201 2710 (De
1218 2624 1403 2693 archaismis
1418 2622 1476 2688 sal·

203 2731 367 2809 instituis,
385 2753 418 2819 p.
442 2734 482 2800 18
501 2738 601 2822 ειμι),
627 2745 658 2802 et
682 2735 721 2800 cf.
748 2737 871 2818 Keller2
895 2734 952 2800 der
974 2734 1119 2801 Accusat.
1146 2734 1204 2800 aul
1228 2732 1335 2799 iader
1358 2730 1476 2797 dritten

202 2839 405 2906 Declination
431 2841 480 2906 bei
508 2840 570 2907 den
584 2841 834 2928 Augusteiscben
853 2842 1004 2907 Dichtern
1034 2843 1080 2924 (in
1103 2839 1220 2908 thin.
1241 2841 1329 2908 Mus.
1352 2854 1418 2916 ιιιιι,
1442 2839 1475 2910 2.

204 2966 238 3032 p.
261 2946 435 3032 att-mc).
1149 2943 1153 2950 ’

251 3051 440 3118 Genitivum
455 3053 628 3140 singularis
643 3053 745 3122 tertiae
761 3053 983 3122 declinationis
1002 3051 1096 3121 Persi
1115 3054 1167 3141 (H.
1186 3076 1208 3131 1,
1227 3055 1273 3138 7),
1293 3073 1350 3139 pro
1369 3048 1477 3118 Parsis

203 3179 224 3224 a
239 3159 435 3226 nominativo
446 3145 570 3234 Perses.
585 3161 775 3228 confirmant
787 3173 907 3235 veteres
921 3161 1119 3248 grammatici
1136 3161 1193 3227 boc
1209 3161 1277 3246 ipso
1293 3162 1361 3226 loco
1378 3161 1476 3224 allato

202 3266 338 3340 Probus,
359 3265 554 3347 Priscianus,
579 3268 755 3349 Charisius,
778 3269 918 3348 Servius,
943 3271 984 3337 ll.
1009 3268 1164 3335 Claudius
1190 3267 1355 3334 Sacerdos.
1378 3262 1475 3331 Ario·

203 3371 346 3438 barzani
359 3375 505 3452 formam,
523 3395 620 3461 quam
635 3375 736 3442 edidit
751 3377 937 3443 Gerlachius
953 3396 1009 3462 pro
1023 3373 1261 3442 Ariobarzanis
1278 3375 1330 3461 (ll.
1344 3395 1386 3453 ιι,
1403 3372 1472 3458 10),

202 3499 240 3546 er
256 3479 453 3547 editionibus
466 3481 540 3548 Aldi
562 3481 708 3560 ellarii,
724 3482 869 3549 codicum
889 3483 1075 3550 auctoritate
1094 3503 1159 3550 non
1171 3479 1298 3548 nitilur.

249 3585 402 3654 Genitiuo
422 3588 559 3674 pluralis
578 3589 704 3674 scripsit
723 3591 896 3656 Sallustius
916 3588 1229 3667 Bacchanaliorum,
1251 3608 1308 3676 pro
1327 3585 1477 3654 Baccha-

201 3691 346 3773 nalium,
368 3714 386 3759 a
409 3694 605 3763 nominativo
630 3697 732 3762 tertiae
755 3697 977 3762 declinationis
997 3694 1234 3775 Bacchanalia,
1263 3696 1313 3781 (ll.
1338 3717 1385 3772 ιιι,
1405 3694 1475 3780 97),

202 3799 418 3887 similiterque
442 3799 708 3868 Vulcanaliorum
729 3803 781 3888 (ll.
800 3825 842 3883 ιι,
860 3805 903 3870 70
922 3814 952 3869 et
967 3803 1039 3890 ll),
1053 3803 1153 3872 Nonio
1170 3812 1246 3868 teste
1262 3801 1316 3888 qui
1335 3805 1378 3888 (p.
1398 3799 1476 3887 333)

203 3905 251 3971 ait
267 3929 275 3970 :
301 3932 313 3966 ι
337 3905 637 3976 Bacchanaliorum
653 3931 710 3997 pro
724 3909 997 3980 Bacchanalium.
1015 3919 1049 3977 ut
1062 3907 1312 3997 ccctipalt'orum
1326 3918 1358 3975 et
1371 3907 1479 3996 conpi-

203 4010 364 4103 taliorum
378 4024 410 4080 et
422 4015 631 4082 navaliorum
645 4029 675 4083 et
687 4015 965 4084 Vulcanaliorum.
984 4018 1155 4085 Sallustius
1173 4039 1181 4082 ε
1199 4014 1416 4104 caecidiriquc
1431 4035 1478 4080 so·

202 4139 268 4184 nus
280 4118 591 4190 Bacchanaliorum.
603 4125 784 4190 Notandum
794 4133 840 4191 est
853 4136 963 4191 contra
975 4122 1081 4191 duum
1096 4143 1153 4211 pro
1168 4121 1312 4188 duorum
1327 4132 1477 4208 sequente

203 4225 300 4292 verbo
318 4225 450 4292 milium
469 4249 481 4294 .·
503 4226 608 4295 duum
622 4229 754 4296 millum
769 4230 942 4297 interualla
958 4233 997 4315 (l.
1020 4232 1077 4310 31,
1099 4231 1119 4297 3
1126 4255 1135 4312 3
1157 4231 1234 4307 106,
1254 4229 1306 4316 5);
1317 4226 1477 4318 prasidio

204 4330 304 4418 qncasi
321 4330 426 4399 aluum
441 4333 573 4402 milium
583 4336 735 4424 peditum
754 4338 793 4422 (J.
812 4339 867 4412 50,
891 4339 943 4423 3);
960 4348 992 4403 at
1010 4336 1141 4404 milium
1152 4347 1318 4426 passuum
1334 4332 1477 4400 duorum

206 4440 258 4524 (H.
277 4461 313 4518 ιι,
327 4439 403 4525 83);
419 4438 562 4508 duorum
580 4443 918 4533 Carthapinicnsc'um.
936 4445 976 4530 (l.
994 4445 1048 4526 79,
1068 4447 1113 4528 1.)

248 4544 464 4616 Accusatious
482 4549 617 4636 pluralis
632 4549 680 4617 uis
695 4571 752 4637 pro
765 4550 850 4618 uires
864 4553 897 4618 in
912 4553 1026 4640 fragm.
1042 4553 1123 4618 llist.
1147 4573 1194 4632 111,
1209 4551 1253 4616 81
1270 4548 1398 4636 legitur.
1416 4551 1478 4616 Lo-

238 4729 260 4777 l.
274 4726 310 4775 At
324 4727 390 4778 Hist.
405 4744 422 4790 ι,
439 4731 477 4792 lb,
492 4732 531 4790 27,
544 4731 622 4788 dicis,
636 4746 666 4781 ax
680 4731 769 4781 codice
784 4730 911 4782 Vaticano
921 4733 982 4784 3861
992 4731 1086 4782 decimi
1096 4731 1194 4793 saeculi,
1206 4729 1281 4794 cujus
1293 4735 1382 4780 cetera
1392 4745 1476 4781 exem·

206 4796 250 4862 plo
259 4799 412 4864 apographa
427 4807 495 4860 suut.
510 4802 630 4864 (lacobs:
645 4804 704 4865 alls.)
