3666 5724
756 463 928 520 ..23-

204 611 305 678 malti
316 619 460 698 usurpat.
475 615 726 680 Sallustiusvcro
737 615 854 698 sanctius
865 615 1007 689 absolute
1020 612 1174 680 mortales
1184 615 1282 700 ponit.
1294 618 1374 697 (Cat.
1393 617 1422 692 l,
1440 617 1472 693 5,

205 721 239 797 6,
261 721 303 798 3,·
327 722 379 797 44,
403 721 514 800 3;40,
535 714 670 799 44;33,
693 723 734 798 4,
758 721 867 800 36,4,
886 721 989 799 54,44
1011 744 1018 798 ;
1039 723 1109 808 lug.
1128 723 1160 800 4,
1179 723 1271 798 4;6,
1294 713 1473 800 3;’40,4;

208 827 261 906 47,
285 827 428 906 7,Ἠ444.
452 828 558 906 mett,
576 829 621 910 4),
640 837 670 893 44
690 831 721 892 in
738 827 891 914 singulari
908 847 1040 894 numero
1054 830 1082 894 J.
1105 829 1158 906 74,
1182 829 1224 906 4,
1250 830 1305 906 94,
1332 830 1364 893 4.
1386 828 1482 918 Unde·

207 943 314 999 autem
331 943 400 1000 orte
419 934 460 999 sit
484 935 636 1000 Sallustio
666 935 761 1019 hujus
780 934 868 1000 verbi
885 953 973 1002 amor
999 934 1176 1020 precipuus
1199 937 1338 1002 multum
1357 935 1477 1021 diuque

204 1039 452 1126 disputaverunt
468 1027 666 1126 interpretes.
684 1041 871 1110 Gerlachius
890 1042 948 1106 hoc
964 1042 1154 1107 vocobulum
1173 1063 1191 1107 a
1207 1043 1309 1129 prisco
1333 1061 1478 1108 sermone

204 1147 362 1214 adscitum
379 1157 480 1234 putat,
497 1137 689 1214 Frontonem
701 1148 841 1214 laudans
860 1151 925 1235 (ap.
948 1149 1030 1214 Gell.
1049 1169 1116 1228 4444,
1137 1149 1205 1234 49),
1235 1149 1290 1235 qui
1306 1148 1388 1215 illud
1410 1169 1477 1214 am·

203 1253 461 1340 plinsproliuius
481 1265 513 1321 et
530 1256 632 1322 lusius
656 1255 773 1322 dictum
790 1266 915 1333 444444,
935 1255 1046 1340 probat
1059 1255 1211 1335 Kritzius,
1234 1257 1295 1322 nisi
1315 1256 1400 1342 quod
1426 1257 1489 1330 ar-¹

202 1361 383 1428 chalsmum
402 1381 469 1428 esse
482 1366 564 1429 recte
579 1371 693 1450 negat3
713 1362 859 1449 idemque
876 1362 1064 1448 Herzogium
1080 1363 1240 1448 vituperet
1267 1363 1322 1449 qui
1350 1363 1407 1428 hoc
1422 1382 1476 1427 ro-

202 1467 320 1533 cabulo
331 1468 474 1536 homines
487 1489 558 1535 cum
570 1469 707 1555 quodam
719 1478 900 1556 contemptu
912 1471 960 1535 vel
972 1469 1167 1556 negligentia
1177 1480 1208 1536 et
1223 1470 1314 1556 quasi
1327 1477 1351 1530 ἐν
1369 1473 1476 1552 nepeta

204 1563 569 1662 significari'existimat.
589 1577 728 1642 Lawsius
751 1597 825 1642 vero
850 1577 939 1642 docet
954 1577 1156 1656 Sallustium,
1179 1576 1265 1662 quod
1285 1587 1377 1672 aetate
1403 1597 1477 1663 pro-

202 1692 311 1747 vectus
327 1683 498 1749 stoicorum
515 1683 725 1770 philosophia
745 1704 778 1749 se
793 1683 941 1762 dedisset,
963 1684 995 1748 in
1018 1684 1161 1749 oratioue
1190 1684 1406 1769 euphemismo
1432 1681 1476 1748 uti
1583 1681 1587 1686 '
1687 1677 1694 1692 '

202 1787 412 1874 dedignatum
431 1791 540 1868 luisse,
558 1791 690 1876 ideoque
711 1789 865 1856 mortales
884 1788 1072 1856 dominibus
1097 1791 1286 1875 praetulisse.
1299 1775 1478 1856 Dietschius

202 1893 363 1962 mortales
379 1917 435 1981 pro
450 1895 598 1962 leorairres
618 1898 766 1983 usurpari
785 1911 866 1964 recte
886 1898 993 1976 sentit,
1015 1897 1071 1964 uhi
1087 1897 1271 1963 universum
1303 1917 1402 1980 genus
1417 1898 1478 1962 hu-

202 2021 339 2068 manum
357 2003 572 2090 distinguatur
587 2005 626 2069 alr
647 2004 684 2069 444
700 2005 817 2090 quibus
833 2025 895 2069 non
913 2017 959 2070 est
978 2013 1094 2070 natura
1108 2005 1253 2071 mortalis
1267 2028 1274 2082 ;
1289 1994 1477 2070 Sallustium

207 2120 312 2174 tamen
332 2120 454 2178 constat
469 2111 572 2177 studio
589 2111 727 2204 quodam
741 2111 904 2196 gravitatis
924 2121 954 2176 et
967 2111 1212 2197 magnificentiae
1232 2131 1314 2196 saepe
1333 2131 1368 2177 eo
1383 2130 1477 2176 roca-

203 2215 293 2294 bulo,
316 2217 413 2283 etium
430 2215 484 2282 ubi
500 2217 687 2304 simpliciter
703 2217 851 2284 domines
865 2217 1033 2284 dicendum
1049 2229 1141 2297 esset,
1166 2239 1259 2284 usum
1279 2239 1366 2297 4444,
1392 2215 1477 2304 quod
1536 2246 1540 2254 ·

203 2325 386 2408 eteutplum
402 2325 499 2390 secuti
516 2336 590 2390 s'unt
604 2325 712 2392 Livius
728 2337 758 2391 et
771 2327 908 2391 Tacitus.
933 2361 977 2374 -
993 2327 1229 2404 llluurmcnnrtt,
1254 2346 1311 2392 von
1332 2324 1474 2392 Ciceroni

200 2439 233 2495 et
248 2431 368 2497 Caesari
390 2451 453 2497 non
468 2431 586 2498 usitata
603 2459 610 2497 :
631 2433 699 2498 Cat.
718 2434 772 2510 54,
795 2433 835 2511 4,
853 2431 923 2518 lug.
945 2432 1031 2511 7,’7,
1057 2433 1131 2510 403,
1154 2434 1195 2510 5,
1213 2433 1289 2510 440,
1306 2433 1337 2497 5.
1356 2467 1400 2482 -
1415 2433 1476 2497 Νο-

197 2559 318 2603 4444444
335 2545 500 2624 nunquam
519 2540 660 2626 egregias
676 2540 774 2605 animi
791 2541 923 2605 virtutes
943 2539 1113 2624 significat,
1134 2539 1188 2604 sed
1205 2549 1260 2605 aut
1273 2540 1397 2624 generis
1411 2539 1477 2604 clo-

199 2644 391 2722 ritudiuem,
414 2655 469 2712 aut
489 2645 627 2710 hominis
646 2646 803 2728 gloriom3
833 2667 915 2732 saepe
944 2646 1040 2711 etiam
1060 2666 1115 2732 444
1136 2643 1260 2710 aediles
1277 2645 1417 2730 ponitur.
1434 2680 1479 2694 -

197 2752 300 2830 Naxi,
324 2772 381 2837 pro
402 2741 603 2831 detrimento,
627 2754 706 2818 Hist.
738 2754 834 2830 t,'5l‚
866 2741 880 2817 l
905 2753 1013 2831 4444,
1041 2753 1093 2835 (44.
1117 2752 1198 2836 444).
1219 2787 1264 2802 -
1286 2753 1392 2828 Nisus,
1419 2770 1477 2815 vor

200 2859 269 2924 lere
283 2869 450 2944 poetarum
471 2862 554 2946 (lug.
573 2861 627 2937 94,
648 2861 661 2924 4
685 2869 716 2924 44
729 2861 779 2942 4)..
795 2861 1002 2925 -Nnuenus
1014 2879 1071 2945 pro
1088 2859 1295 2924 multitudiue
1311 2859 1477 2924 hominum

201 2967 284 3048 (Cat.
301 2966 355 3044 33,
375 2967 413 3044 3,
433 2967 487 3042 44,
504 2969 542 3044 4,
564 2965 706 3052 tog-18,
731 2967 837 3044 4,35,
855 2968 897 3044 6,
920 2967 974 3045 38,
996 2967 1039 3044 6,
1062 2967 1116 3044 40,
1140 2965 1248 3044 4;89,
1272 2968 1317 3049 4).
1348 3002 1392 3016 -
1415 2959 1476 3032 04-

199 3095 330 3152 444444,
349 3093 408 3137 von
429 3085 586 3158 argenteae
620 3083 733 3151 4444444,
755 3074 835 3138 44444.
856 3094 878 3152 4,
901 3075 955 3150 45,
973 3075 1027 3151 44,
1049 3070 1197 3138 44444444
1222 3094 1273 3138 res
1300 3071 1384 3138 mire
1402 3083 1481 3138 44444

203 3178 292 3246 uitiis
306 3179 462 3258 obtentui,
478 3200 565 3266 pror
591 3181 668 3245 vitia
683 3181 835 3265 obtegunt
854 3203 889 3258 »3
913 3181 967 3262 (44.
985 3181 1056 3246 Tac.
1085 3179 1159 3244 ltist.
1182 3181 1214 3256 4,
1244 3181 1302 3260 44;
1333 3179 1416 3245 tlnn.
1445 3180 1476 3257 l,

204 3289 267 3364 40,
285 3287 337 3364 44,
359 3286 407 3369 7.)
420 3323 465 3336 -
481 3286 668 3365 Orutnnrtt,
686 3307 742 3372 pro
759 3286 893 3363 divitiis,
911 3287 1039 3373 opibus,
1057 3287 1125 3351 Cat.
1145 3287 1177 3364 6,
1199 3286 1239 3364 3,
1262 3287 1316 3364 54,
1338 3286 1476 3364 94444,

204 3393 285 3458 Η444.
304 3414 339 3470 44,
357 3392 411 3470 50,
434 3394 494 3471 44;
514 3381 565 3476 (44.
585 3393 719 3481 opulens
735 3398 790 3479 pro
806 3389 970 3479 opulente,
991 3395 1019 3460 l.
1038 3389 1092 3470 69,
1111 3394 1152 3470 3,
1171 3391 1351 3481 oprrl'errter,
1375 3393 1476 3471 t.185,

203 3502 330 3583 34)-
348 3499 519 3577 04444444,
538 3501 641 3566 444444
659 3501 790 3566 omnino
804 3521 865 3566 von
881 3519 937 3585 pro
952 3500 1179 3566 documentum
1201 3522 1208 3564 :
1229 3501 1257 3565 J.
1282 3500 1335 3576 46,
1353 3500 1395 3578 6;
1420 3500 1476 3577 44,

204 3609 248 3673 40
267 3604 326 3672 sed
337 3605 496 3693 quereiam
512 3627 548 3672 eo
572 3619 670 3673 44444
688 3613 761 3673 stlat
781 3619 817 3674 ut
834 3605 1007 3694 lagurtltar
1025 3605 1183 3672 scelerum
1203 3607 1342 3672 ostentui
1363 3627 1476 3685 essem,

203 3714 236 3779 id
256 3723 313 3793 est,
337 3724 371 3780 ut
391 3715 494 3779 inme
508 3714 727 3780 ostenderetur
741 3715 806 3780 sive
819 3724 1072 3804 cognosceretur,
1095 3734 1167 3798 quae
1183 3715 1303 3779 scelera
1322 3713 1480 3796 iugurtha¹

203 3821 433 3901 committerem
453 3823 505 3904 (ri.
528 3825 600 3888 444.
629 3822 711 3888 Ann.
735 3824 766 3900 l,
790 3823 854 3901 49,
875 3823 927 3897 44,
959 3823 1021 3900 44;
1058 3822 1110 3898 45,
1141 3821 1196 3899 64,
1218 3821 1324 3886 dativo
1344 3840 1431 3898 casu,
1449 3831 1490 3886 et·

204 3927 328 3996 Gellius
349 3930 403 4006 40,
425 3929 455 4006 4,
478 3929 531 4003 48,
554 3928 705 3994 ablativo.
733 3967 774 3978 -
806 3929 997 3995 0444444444
1026 3928 1106 3993 Η444.
1130 3949 1165 3998 n,
1188 3927 1243 4006 49,
1269 3929 1289 3992 4
1313 3925 1480 4014 scortisque

205 4033 253 4101 acl
269 4033 734 4101 osterrtetr'oaem'histrionum
747 4033 938 4124 fabricatam
968 4021 1043 4102 ltdiu
1062 4034 1129 4100 roei
1155 4033 1324 4100 literatior
1339 4033 1480 4120 subjecta

205 4153 252 4208 est
267 4142 314 4207 ris
325 4153 431 4208 artem
445 4140 643 4208 histrionum
659 4141 850 4221 exhibendi,
873 4163 930 4229 pro
944 4163 981 4209 eo
996 4141 1081 4229 quod
1096 4151 1142 4207 est
1158 4140 1308 4207 usitatius
1326 4163 1333 4206 :
1355 4137 1478 4228 adjac-

205 4249 363 4316 tutionem
379 4252 445 4316 sive
457 4247 690 4339 gloriationem
704 4249 922 4329 4444444444,
937 4252 989 4334 (44.
1004 4251 1071 4316 Lir.
1086 4251 1118 4327 7,
1134 4251 1178 4332 4).
1194 4283 1240 4298 --
1251 4249 1397 4326 Panemo,
1419 4267 1478 4312 vox

206 4356 381 4450 rarissimu,
404 4377 461 4442 pro
485 4359 740 4443 comparatione:
758 4361 786 4425 l.
814 4359 868 4436 34,
889 4359 921 4437 8,
943 4347 1001 4424 secl
1012 4378 1091 4422 sarae
1107 4355 1215 4444 faerit
1231 4353 1327 4442 regni
1341 4353 1478 4440 paratio

203 4461 296 4551 plebi
305 4485 366 4530 sae
380 4463 550 4530 restituere
557 4489 566 4545 ,
585 4464 637 4548 (44.
655 4466 766 4531 Allan.
787 4486 838 4550 ap.
857 4466 936 4531 Non.
951 4465 1027 4543 449,
1039 4464 1093 4541 47,
1105 4463 1236 4529 etPaul.
1248 4451 1318 4548 nt'g.
1330 4462 1385 4536 30,
1400 4448 1474 4526 439.

206 4607 253 4620 -
278 4573 419 4638 Pinaros
449 4591 504 4656 pro
530 4583 698 4658 apparatu,
724 4573 805 4638 Hist.
833 4595 854 4650 t,
877 4573 932 4650 57,
963 4571 1124 4636 invenitur
1147 4569 1243 4635 etiem
1268 4568 1355 4654 apud
1375 4569 1474 4634 Cicer.
1586 4594 1588 4598 ¹

210 4679 250 4759 (F
254 4679 298 4742 in.
315 4681 347 4756 5,
367 4665 419 4757 49,
436 4679 507 4765 53),
521 4678 725 4761 Livium(l0,
746 4680 799 4756 44,
818 4681 862 4763 3),
885 4690 914 4744 44
932 4679 1076 4744 Tacitum
1092 4677 1188 4760 (dnn.
1207 4677 1261 4754 l3,
1281 4677 1347 4760 47).
1369 4675 1477 4739 -Pa-

138 4829 142 4834 -
210 4806 367 4872 nrrrapro
387 4786 519 4851 scientie
534 4787 617 4874 (lug.
647 4787 699 4865 46,
722 4788 763 4889 8,
786 4786 905 4853 [listi.
940 4786 1026 4869 404),
1055 4781 1140 4870 apud
1169 4783 1268 4850 alium
1284 4801 1475 4870 quemquam
