<?xml version="1.0" encoding="UTF-8"?>
<!DOCTYPE html PUBLIC "-//W3C//DTD XHTML 1.0 Transitional//EN"
    "http://www.w3.org/TR/xhtml1/DTD/xhtml1-transitional.dtd">
<html xmlns="http://www.w3.org/1999/xhtml" xml:lang="en" lang="en">
 <head>
  <title>
</title>
<meta http-equiv="Content-Type" content="text/html;charset=utf-8" />
  <meta name='ocr-system' content='tesseract 3.04.00' />
  <meta name='ocr-capabilities' content='ocr_page ocr_carea ocr_par ocr_line ocrx_word'/>
</head>
<body>
  <div class='ocr_page' id='page_1' title='image "./desermonesallus01consgoog_0309.png"; bbox 0 0 3576 5724; ppageno 0'>
   <div class='ocr_carea' id='block_1_1' title="bbox 935 453 1131 510">
    <p class='ocr_par' dir='ltr' id='par_1_1' title="bbox 935 453 1131 510">
     <span class='ocr_line' id='line_1_1' title="bbox 935 453 1131 510; baseline -0.005 0"><span class='ocrx_word' id='word_1_1' title='bbox 935 453 1131 510; x_wconf 72' lang='lat'>-280—</span> 
     </span>
    </p>
   </div>
   <div class='ocr_carea' id='block_1_2' title="bbox 369 595 1774 3864">
    <p class='ocr_par' dir='ltr' id='par_1_2' title="bbox 369 595 1774 3864">
     <span class='ocr_line' id='line_1_2' title="bbox 642 595 1672 674; baseline 0.005 -17"><span class='ocrx_word' id='word_1_2' title='bbox 642 595 1486 674; x_wconf 69' lang='lat' dir='ltr'><strong>t⁰Permutantursingulaevoces..‚&#39;.................</strong></span> <span class='ocrx_word' id='word_1_3' title='bbox 1516 621 1576 663; x_wconf 71' lang='grc' dir='ltr'><strong>ετ..</strong></span> <span class='ocrx_word' id='word_1_4' title='bbox 1620 611 1672 662; x_wconf 77' lang='grc'><strong>247</strong></span> 
     </span>
     <span class='ocr_line' id='line_1_3' title="bbox 637 692 1673 751; baseline 0.005 -6"><span class='ocrx_word' id='word_1_5' title='bbox 637 693 666 745; x_wconf 86' lang='grc'><strong>20</strong></span> <span class='ocrx_word' id='word_1_6' title='bbox 682 693 892 747; x_wconf 74' lang='lat' dir='ltr'><strong>permutantur</strong></span> <span class='ocrx_word' id='word_1_7' title='bbox 904 706 990 747; x_wconf 83' lang='lat' dir='ltr'><strong>casus</strong></span> <span class='ocrx_word' id='word_1_8' title='bbox 1005 692 1259 751; x_wconf 76' lang='lat' dir='ltr'><strong>substantivorum</strong></span> <span class='ocrx_word' id='word_1_9' title='bbox 1267 732 1540 751; x_wconf 83' lang='lat'><strong>................</strong></span> <span class='ocrx_word' id='word_1_10' title='bbox 1569 737 1576 750; x_wconf 89' lang='lat'><em>.</em></span> <span class='ocrx_word' id='word_1_11' title='bbox 1620 699 1673 750; x_wconf 87' lang='grc'><strong>248</strong></span> 
     </span>
     <span class='ocr_line' id='line_1_4' title="bbox 638 779 1582 852; baseline 0.006 -18"><span class='ocrx_word' id='word_1_12' title='bbox 638 781 667 833; x_wconf 93' lang='grc'><strong>30</strong></span> <span class='ocrx_word' id='word_1_13' title='bbox 684 779 867 836; x_wconf 75' lang='lat' dir='ltr'><strong>Aduerbium</strong></span> <span class='ocrx_word' id='word_1_14' title='bbox 885 781 916 836; x_wconf 91' lang='lat' dir='ltr'><strong>iu</strong></span> <span class='ocrx_word' id='word_1_15' title='bbox 932 780 1025 838; x_wconf 83' lang='lat' dir='ltr'><strong>altero</strong></span> <span class='ocrx_word' id='word_1_16' title='bbox 1040 782 1187 852; x_wconf 81' lang='lat' dir='ltr'><strong>membro,</strong></span> <span class='ocrx_word' id='word_1_17' title='bbox 1204 783 1235 838; x_wconf 88' lang='lat' dir='ltr'><strong>in</strong></span> <span class='ocrx_word' id='word_1_18' title='bbox 1251 783 1343 839; x_wconf 83' lang='lat' dir='ltr'><strong>altero</strong></span> <span class='ocrx_word' id='word_1_19' title='bbox 1360 783 1582 840; x_wconf 80' lang='lat' dir='ltr'><strong>substantivum</strong></span> 
     </span>
     <span class='ocr_line' id='line_1_5' title="bbox 718 868 1674 944; baseline 0.005 -20"><span class='ocrx_word' id='word_1_20' title='bbox 718 869 776 938; x_wconf 86' lang='lat' dir='ltr'><strong>(vel</strong></span> <span class='ocrx_word' id='word_1_21' title='bbox 788 868 990 944; x_wconf 81' lang='lat' dir='ltr'><strong>participium)</strong></span> <span class='ocrx_word' id='word_1_22' title='bbox 997 911 1577 930; x_wconf 89' lang='grc'><strong>.................................</strong></span> <span class='ocrx_word' id='word_1_23' title='bbox 1619 877 1674 929; x_wconf 86' lang='grc'><strong>248</strong></span> 
     </span>
     <span class='ocr_line' id='line_1_6' title="bbox 635 958 1600 1032; baseline 0.005 -19"><span class='ocrx_word' id='word_1_24' title='bbox 635 961 664 1013; x_wconf 93' lang='grc'><strong>40</strong></span> <span class='ocrx_word' id='word_1_25' title='bbox 679 958 865 1030; x_wconf 75' lang='lat' dir='ltr'><strong>Adjectivum</strong></span> <span class='ocrx_word' id='word_1_26' title='bbox 882 959 914 1014; x_wconf 91' lang='lat' dir='ltr'><strong>in</strong></span> <span class='ocrx_word' id='word_1_27' title='bbox 929 958 1021 1016; x_wconf 86' lang='lat' dir='ltr'><strong>altero</strong></span> <span class='ocrx_word' id='word_1_28' title='bbox 1038 961 1185 1030; x_wconf 81' lang='lat' dir='ltr'><strong>membro,</strong></span> <span class='ocrx_word' id='word_1_29' title='bbox 1200 960 1232 1016; x_wconf 87' lang='lat' dir='ltr'><strong>in</strong></span> <span class='ocrx_word' id='word_1_30' title='bbox 1248 960 1342 1026; x_wconf 73' lang='lat' dir='ltr'><strong>¹uitem</strong></span> <span class='ocrx_word' id='word_1_31' title='bbox 1354 961 1577 1032; x_wconf 84' lang='lat' dir='ltr'><strong>substantivum</strong></span> <span class='ocrx_word' id='word_1_32' title='bbox 1596 980 1600 986; x_wconf 74' lang='grc'>’</span> 
     </span>
     <span class='ocr_line' id='line_1_7' title="bbox 647 1038 1671 1118; baseline 0.003 -15"><span class='ocrx_word' id='word_1_33' title='bbox 647 1038 651 1068; x_wconf 83' lang='grc'>’</span> <span class='ocrx_word' id='word_1_34' title='bbox 714 1046 938 1118; x_wconf 80' lang='lat' dir='ltr'><strong>etadjectivum</strong></span> <span class='ocrx_word' id='word_1_35' title='bbox 953 1049 1129 1106; x_wconf 80' lang='lat' dir='ltr'><strong>attributum</strong></span> <span class='ocrx_word' id='word_1_36' title='bbox 1153 1091 1573 1108; x_wconf 86' lang='grc'>........................</span> <span class='ocrx_word' id='word_1_37' title='bbox 1616 1055 1671 1107; x_wconf 90' lang='grc'><strong>248</strong></span> 
     </span>
     <span class='ocr_line' id='line_1_8' title="bbox 635 1131 1672 1209; baseline 0.005 -18"><span class='ocrx_word' id='word_1_38' title='bbox 635 1139 663 1190; x_wconf 88' lang='grc'><strong>50</strong></span> <span class='ocrx_word' id='word_1_39' title='bbox 681 1135 782 1192; x_wconf 81' lang='lat' dir='ltr'><strong>varius</strong></span> <span class='ocrx_word' id='word_1_40' title='bbox 797 1136 931 1208; x_wconf 84' lang='lat' dir='ltr'><strong>ejusdem</strong></span> <span class='ocrx_word' id='word_1_41' title='bbox 948 1137 1029 1195; x_wconf 80' lang='lat' dir='ltr'><strong>verbi</strong></span> <span class='ocrx_word' id='word_1_42' title='bbox 1044 1131 1116 1194; x_wconf 85' lang='lat' dir='ltr'><strong>usus¹</strong></span> <span class='ocrx_word' id='word_1_43' title='bbox 1135 1142 1188 1195; x_wconf 84' lang='lat' dir='ltr'><strong>aut</strong></span> <span class='ocrx_word' id='word_1_44' title='bbox 1204 1137 1382 1209; x_wconf 80' lang='lat' dir='ltr'><strong>significatio</strong></span> <span class='ocrx_word' id='word_1_45' title='bbox 1388 1179 1575 1198; x_wconf 88' lang='grc'><strong>...........</strong></span> <span class='ocrx_word' id='word_1_46' title='bbox 1618 1143 1672 1195; x_wconf 86' lang='grc'><strong>248</strong></span> 
     </span>
     <span class='ocr_line' id='line_1_9' title="bbox 634 1224 1580 1298; baseline 0.007 -21"><span class='ocrx_word' id='word_1_47' title='bbox 634 1226 662 1276; x_wconf 93' lang='grc'><strong>60</strong></span> <span class='ocrx_word' id='word_1_48' title='bbox 679 1224 906 1283; x_wconf 75' lang='lat' dir='ltr'><strong>substantivum</strong></span> <span class='ocrx_word' id='word_1_49' title='bbox 921 1225 951 1283; x_wconf 91' lang='lat' dir='ltr'><strong>in</strong></span> <span class='ocrx_word' id='word_1_50' title='bbox 964 1226 1057 1285; x_wconf 74' lang='lat' dir='ltr'><strong>altero</strong></span> <span class='ocrx_word' id='word_1_51' title='bbox 1070 1227 1217 1296; x_wconf 83' lang='lat' dir='ltr'><strong>membru,</strong></span> <span class='ocrx_word' id='word_1_52' title='bbox 1234 1226 1264 1283; x_wconf 90' lang='lat' dir='ltr'><strong>iu</strong></span> <span class='ocrx_word' id='word_1_53' title='bbox 1280 1226 1371 1284; x_wconf 80' lang='lat' dir='ltr'><strong>altero</strong></span> <span class='ocrx_word' id='word_1_54' title='bbox 1384 1227 1580 1298; x_wconf 85' lang='lat' dir='ltr'><strong>subjunctum</strong></span> 
     </span>
     <span class='ocr_line' id='line_1_10' title="bbox 627 1314 1669 1374; baseline 0.004 -6"><span class='ocrx_word' id='word_1_55' title='bbox 627 1346 633 1358; x_wconf 81' lang='lat'><strong>-·</strong></span> <span class='ocrx_word' id='word_1_56' title='bbox 702 1314 897 1371; x_wconf 72' lang='lat' dir='ltr'><strong>enuntiatum</strong></span> <span class='ocrx_word' id='word_1_57' title='bbox 905 1356 1339 1374; x_wconf 88' lang='grc'><strong>.........................</strong></span> <span class='ocrx_word' id='word_1_58' title='bbox 1348 1327 1357 1370; x_wconf 87' lang='grc'><strong>·.</strong></span> <span class='ocrx_word' id='word_1_59' title='bbox 1367 1358 1572 1374; x_wconf 90' lang='grc'><strong>............</strong></span> <span class='ocrx_word' id='word_1_60' title='bbox 1614 1319 1669 1374; x_wconf 88' lang='grc'><strong>248</strong></span> 
     </span>
     <span class='ocr_line' id='line_1_11' title="bbox 635 1389 1626 1476; baseline 0.004 -20"><span class='ocrx_word' id='word_1_61' title='bbox 635 1407 663 1456; x_wconf 74' lang='grc'><strong>70</strong></span> <span class='ocrx_word' id='word_1_62' title='bbox 679 1402 764 1458; x_wconf 81' lang='lat' dir='ltr'><strong>Varia</strong></span> <span class='ocrx_word' id='word_1_63' title='bbox 782 1402 916 1472; x_wconf 81' lang='lat' dir='ltr'><strong>ejusdem</strong></span> <span class='ocrx_word' id='word_1_64' title='bbox 937 1402 1020 1459; x_wconf 83' lang='lat' dir='ltr'><strong>verbi</strong></span> <span class='ocrx_word' id='word_1_65' title='bbox 1038 1403 1155 1473; x_wconf 76' lang='lat' dir='ltr'><strong>ohjmta</strong></span> <span class='ocrx_word' id='word_1_66' title='bbox 1172 1391 1406 1476; x_wconf 72' lang='lat' dir='ltr'><strong>(substantivum</strong></span> <span class='ocrx_word' id='word_1_67' title='bbox 1419 1407 1448 1459; x_wconf 84' lang='lat' dir='ltr'><strong>et</strong></span> <span class='ocrx_word' id='word_1_68' title='bbox 1463 1418 1578 1474; x_wconf 85' lang='lat' dir='ltr'><strong>gerun-</strong></span> <span class='ocrx_word' id='word_1_69' title='bbox 1622 1389 1626 1396; x_wconf 48' lang='lat'><strong>⁴</strong></span> 
     </span>
     <span class='ocr_line' id='line_1_12' title="bbox 703 1490 1670 1563; baseline 0.001 -17"><span class='ocrx_word' id='word_1_70' title='bbox 703 1491 788 1548; x_wconf 87' lang='lat' dir='ltr'><strong>dium</strong></span> <span class='ocrx_word' id='word_1_71' title='bbox 802 1496 853 1547; x_wconf 90' lang='lat' dir='ltr'><strong>aut</strong></span> <span class='ocrx_word' id='word_1_72' title='bbox 868 1490 1059 1563; x_wconf 74' lang='lat' dir='ltr'><strong>infinitivum)</strong></span> <span class='ocrx_word' id='word_1_73' title='bbox 1066 1533 1483 1550; x_wconf 88' lang='grc'><strong>........................</strong></span> <span class='ocrx_word' id='word_1_74' title='bbox 1615 1495 1670 1547; x_wconf 89' lang='grc'><strong>249</strong></span> 
     </span>
     <span class='ocr_line' id='line_1_13' title="bbox 631 1579 1669 1644; baseline 0.001 -9"><span class='ocrx_word' id='word_1_75' title='bbox 631 1583 660 1635; x_wconf 86' lang='grc'><strong>80</strong></span> <span class='ocrx_word' id='word_1_76' title='bbox 672 1579 923 1636; x_wconf 70' lang='grc' dir='ltr'><strong>ΑΠαοοῙυῐΙ]οη.,ζ</strong></span> <span class='ocrx_word' id='word_1_77' title='bbox 936 1621 1570 1644; x_wconf 77' lang='grc'><strong><em>...................................</em></strong></span> <span class='ocrx_word' id='word_1_78' title='bbox 1616 1584 1669 1637; x_wconf 89' lang='grc'><strong>249</strong></span> 
     </span>
     <span class='ocr_line' id='line_1_14' title="bbox 632 1669 1668 1742; baseline 0 -18"><span class='ocrx_word' id='word_1_79' title='bbox 632 1672 661 1723; x_wconf 91' lang='grc'><strong>90</strong></span> <span class='ocrx_word' id='word_1_80' title='bbox 674 1669 831 1726; x_wconf 82' lang='lat' dir='ltr'><strong>Chiusmus</strong></span> <span class='ocrx_word' id='word_1_81' title='bbox 843 1709 1014 1724; x_wconf 61' lang='lat'><em>..........</em></span> <span class='ocrx_word' id='word_1_82' title='bbox 1023 1737 1026 1742; x_wconf 23' lang='grc'>1</span> <span class='ocrx_word' id='word_1_83' title='bbox 1026 1710 1573 1726; x_wconf 86' lang='grc'><strong>..............................</strong></span> <span class='ocrx_word' id='word_1_84' title='bbox 1615 1671 1668 1725; x_wconf 88' lang='grc'><strong>249</strong></span> 
     </span>
     <span class='ocr_line' id='line_1_15' title="bbox 565 1757 1669 1815; baseline 0 -1"><span class='ocrx_word' id='word_1_85' title='bbox 565 1799 570 1810; x_wconf 94' lang='grc'><strong><em>.</em></strong></span> <span class='ocrx_word' id='word_1_86' title='bbox 594 1789 620 1798; x_wconf 96' lang='grc'>-</span> <span class='ocrx_word' id='word_1_87' title='bbox 635 1760 675 1813; x_wconf 85' lang='lat' dir='ltr'><strong>De</strong></span> <span class='ocrx_word' id='word_1_88' title='bbox 689 1757 833 1814; x_wconf 81' lang='lat' dir='ltr'><strong>brevitate</strong></span> <span class='ocrx_word' id='word_1_89' title='bbox 843 1797 1575 1815; x_wconf 88' lang='grc'>........................................</span> <span class='ocrx_word' id='word_1_90' title='bbox 1616 1762 1669 1814; x_wconf 91' lang='grc'>256</span> 
     </span>
     <span class='ocr_line' id='line_1_16' title="bbox 632 1847 1669 1921; baseline -0.001 -18"><span class='ocrx_word' id='word_1_91' title='bbox 632 1851 664 1901; x_wconf 82' lang='grc' dir='ltr'><strong>Α.</strong></span> <span class='ocrx_word' id='word_1_92' title='bbox 679 1877 713 1888; x_wconf 93' lang='lat'>-</span> <span class='ocrx_word' id='word_1_93' title='bbox 727 1847 913 1919; x_wconf 82' lang='lat' dir='ltr'><strong>Asyndeton,</strong></span> <span class='ocrx_word' id='word_1_94' title='bbox 929 1847 1094 1921; x_wconf 78' lang='lat' dir='ltr'>anaphora,</span> <span class='ocrx_word' id='word_1_95' title='bbox 1113 1862 1284 1920; x_wconf 84' lang='lat' dir='ltr'><strong>synonyma</strong></span> <span class='ocrx_word' id='word_1_96' title='bbox 1306 1888 1573 1902; x_wconf 90' lang='grc'><strong>...............</strong></span> <span class='ocrx_word' id='word_1_97' title='bbox 1616 1851 1669 1902; x_wconf 91' lang='grc'>256</span> 
     </span>
     <span class='ocr_line' id='line_1_17' title="bbox 626 1938 1662 2008; baseline -0.001 -16"><span class='ocrx_word' id='word_1_98' title='bbox 626 1938 661 2004; x_wconf 83' lang='grc' dir='ltr'><strong>Β.</strong></span> <span class='ocrx_word' id='word_1_99' title='bbox 678 1939 856 2008; x_wconf 83' lang='lat' dir='ltr'><strong>-Zeugma</strong></span> <span class='ocrx_word' id='word_1_100' title='bbox 860 1977 1571 1992; x_wconf 86' lang='grc'><strong>.......................................</strong></span> <span class='ocrx_word' id='word_1_101' title='bbox 1613 1939 1662 1990; x_wconf 82' lang='grc'>254</span> 
     </span>
     <span class='ocr_line' id='line_1_18' title="bbox 632 2025 1662 2099; baseline -0.001 -18"><span class='ocrx_word' id='word_1_102' title='bbox 632 2025 661 2080; x_wconf 88' lang='lat' dir='ltr'><strong>C.</strong></span> <span class='ocrx_word' id='word_1_103' title='bbox 679 2055 713 2067; x_wconf 91' lang='lat'>-</span> <span class='ocrx_word' id='word_1_104' title='bbox 729 2025 845 2099; x_wconf 86' lang='lat' dir='ltr'><strong>Ellipsis</strong></span> <span class='ocrx_word' id='word_1_105' title='bbox 864 2059 1388 2083; x_wconf 82' lang='grc'><strong>..............................</strong></span> <span class='ocrx_word' id='word_1_106' title='bbox 1402 2062 1408 2079; x_wconf 86' lang='grc'><strong>-.</strong></span> <span class='ocrx_word' id='word_1_107' title='bbox 1422 2065 1573 2079; x_wconf 92' lang='lat'><em>.........</em></span> <span class='ocrx_word' id='word_1_108' title='bbox 1615 2028 1662 2080; x_wconf 79' lang='grc'>254</span> 
     </span>
     <span class='ocr_line' id='line_1_19' title="bbox 739 2113 1661 2170; baseline -0.002 0"><span class='ocrx_word' id='word_1_109' title='bbox 739 2119 764 2170; x_wconf 79' lang='grc'><strong>40</strong></span> <span class='ocrx_word' id='word_1_110' title='bbox 777 2113 932 2170; x_wconf 78' lang='lat' dir='ltr'><strong>indicativi</strong></span> <span class='ocrx_word' id='word_1_111' title='bbox 947 2114 1030 2170; x_wconf 83' lang='lat' dir='ltr'><strong>verbi</strong></span> <span class='ocrx_word' id='word_1_112' title='bbox 1047 2131 1103 2170; x_wconf 82' lang='lat' dir='ltr'><strong><em>esse</em></strong></span> <span class='ocrx_word' id='word_1_113' title='bbox 1117 2113 1239 2170; x_wconf 89' lang='lat' dir='ltr'><strong>omissio</strong></span> <span class='ocrx_word' id='word_1_114' title='bbox 1249 2154 1574 2169; x_wconf 87' lang='grc'><strong><em>..................</em></strong></span> <span class='ocrx_word' id='word_1_115' title='bbox 1614 2118 1661 2168; x_wconf 75' lang='grc'>254</span> 
     </span>
     <span class='ocr_line' id='line_1_20' title="bbox 622 2201 1665 2260; baseline -0.004 0"><span class='ocrx_word' id='word_1_116' title='bbox 622 2225 624 2231; x_wconf 96' lang='grc'><strong><em>·</em></strong></span> <span class='ocrx_word' id='word_1_117' title='bbox 732 2207 760 2260; x_wconf 85' lang='grc'><strong>20</strong></span> <span class='ocrx_word' id='word_1_118' title='bbox 777 2201 916 2260; x_wconf 88' lang='lat' dir='ltr'><strong>Infinitivi</strong></span> <span class='ocrx_word' id='word_1_119' title='bbox 928 2202 1010 2259; x_wconf 86' lang='lat' dir='ltr'><strong>verbi</strong></span> <span class='ocrx_word' id='word_1_120' title='bbox 1021 2220 1077 2258; x_wconf 82' lang='lat' dir='ltr'><strong><em>esse</em></strong></span> <span class='ocrx_word' id='word_1_121' title='bbox 1087 2202 1210 2259; x_wconf 87' lang='lat' dir='ltr'><strong>omissio</strong></span> <span class='ocrx_word' id='word_1_122' title='bbox 1233 2243 1572 2258; x_wconf 89' lang='grc'><strong>...................</strong></span> <span class='ocrx_word' id='word_1_123' title='bbox 1614 2206 1665 2258; x_wconf 87' lang='grc'>252</span> 
     </span>
     <span class='ocr_line' id='line_1_21' title="bbox 732 2289 1663 2349; baseline 0 -1"><span class='ocrx_word' id='word_1_124' title='bbox 732 2295 760 2346; x_wconf 89' lang='grc'><strong>30</strong></span> <span class='ocrx_word' id='word_1_125' title='bbox 776 2289 846 2348; x_wconf 79' lang='lat' dir='ltr'><strong>Afiae</strong></span> <span class='ocrx_word' id='word_1_126' title='bbox 861 2291 965 2349; x_wconf 81' lang='lat' dir='ltr'><strong>formae</strong></span> <span class='ocrx_word' id='word_1_127' title='bbox 977 2292 1061 2348; x_wconf 83' lang='lat' dir='ltr'><strong>verbi</strong></span> <span class='ocrx_word' id='word_1_128' title='bbox 1070 2308 1126 2348; x_wconf 77' lang='lat' dir='ltr'><strong><em>esse</em></strong></span> <span class='ocrx_word' id='word_1_129' title='bbox 1138 2291 1256 2348; x_wconf 82' lang='lat' dir='ltr'><strong>omissae</strong></span> <span class='ocrx_word' id='word_1_130' title='bbox 1267 2331 1570 2348; x_wconf 83' lang='lat'>.................</span> <span class='ocrx_word' id='word_1_131' title='bbox 1612 2295 1663 2348; x_wconf 88' lang='grc'><strong>252</strong></span> 
     </span>
     <span class='ocr_line' id='line_1_22' title="bbox 731 2380 1663 2452; baseline -0.001 -16"><span class='ocrx_word' id='word_1_132' title='bbox 731 2383 760 2436; x_wconf 84' lang='grc'><strong>40</strong></span> <span class='ocrx_word' id='word_1_133' title='bbox 776 2381 863 2437; x_wconf 82' lang='lat' dir='ltr'>Verbi</span> <span class='ocrx_word' id='word_1_134' title='bbox 873 2382 939 2451; x_wconf 75' lang='lat' dir='ltr'><strong>juro</strong></span> <span class='ocrx_word' id='word_1_135' title='bbox 952 2380 1096 2438; x_wconf 84' lang='lat' dir='ltr'>detractio</span> <span class='ocrx_word' id='word_1_136' title='bbox 1100 2421 1571 2437; x_wconf 90' lang='lat'>..........................</span> <span class='ocrx_word' id='word_1_137' title='bbox 1571 2440 1575 2446; x_wconf 90' lang='lat'>.</span> <span class='ocrx_word' id='word_1_138' title='bbox 1583 2443 1587 2452; x_wconf 40' lang='lat'><em>‚</em></span> <span class='ocrx_word' id='word_1_139' title='bbox 1613 2384 1663 2437; x_wconf 87' lang='grc'>253</span> 
     </span>
     <span class='ocr_line' id='line_1_23' title="bbox 730 2468 1572 2543; baseline 0.001 -20"><span class='ocrx_word' id='word_1_140' title='bbox 730 2473 758 2523; x_wconf 86' lang='grc'><strong>50</strong></span> <span class='ocrx_word' id='word_1_141' title='bbox 774 2469 902 2534; x_wconf 81' lang='lat' dir='ltr'><strong>Verbum</strong></span> <span class='ocrx_word' id='word_1_142' title='bbox 922 2471 1082 2524; x_wconf 76' lang='lat' dir='ltr'><strong>decturundt</strong></span> <span class='ocrx_word' id='word_1_143' title='bbox 1103 2486 1140 2525; x_wconf 86' lang='lat' dir='ltr'><strong>ex</strong></span> <span class='ocrx_word' id='word_1_144' title='bbox 1162 2485 1328 2543; x_wconf 81' lang='lat' dir='ltr'><strong>praegmsso</strong></span> <span class='ocrx_word' id='word_1_145' title='bbox 1348 2468 1441 2526; x_wconf 80' lang='lat' dir='ltr'>verbo</span> <span class='ocrx_word' id='word_1_146' title='bbox 1462 2468 1572 2524; x_wconf 88' lang='lat' dir='ltr'><strong>intelli-</strong></span> 
     </span>
     <span class='ocr_line' id='line_1_24' title="bbox 806 2559 1662 2630; baseline -0.005 -14"><span class='ocrx_word' id='word_1_147' title='bbox 806 2559 940 2630; x_wconf 84' lang='lat' dir='ltr'><strong>gendum</strong></span> <span class='ocrx_word' id='word_1_148' title='bbox 953 2563 997 2615; x_wconf 86' lang='lat' dir='ltr'><strong>est</strong></span> <span class='ocrx_word' id='word_1_149' title='bbox 1000 2598 1569 2617; x_wconf 90' lang='grc'><strong>...............................</strong></span> <span class='ocrx_word' id='word_1_150' title='bbox 1612 2561 1662 2613; x_wconf 88' lang='grc'>253</span> 
     </span>
     <span class='ocr_line' id='line_1_25' title="bbox 728 2644 1572 2722; baseline 0 -20"><span class='ocrx_word' id='word_1_151' title='bbox 728 2651 757 2702; x_wconf 90' lang='grc'><strong>60</strong></span> <span class='ocrx_word' id='word_1_152' title='bbox 773 2648 901 2704; x_wconf 80' lang='lat' dir='ltr'><strong>Verbum</strong></span> <span class='ocrx_word' id='word_1_153' title='bbox 918 2647 1122 2722; x_wconf 83' lang='lat' dir='ltr'><strong>supplendum</strong></span> <span class='ocrx_word' id='word_1_154' title='bbox 1138 2647 1196 2704; x_wconf 86' lang='lat' dir='ltr'><strong>alio</strong></span> <span class='ocrx_word' id='word_1_155' title='bbox 1211 2651 1346 2720; x_wconf 83' lang='lat' dir='ltr'><strong>tempore</strong></span> <span class='ocrx_word' id='word_1_156' title='bbox 1358 2645 1404 2702; x_wconf 87' lang='lat' dir='ltr'><strong>vel</strong></span> <span class='ocrx_word' id='word_1_157' title='bbox 1419 2644 1511 2702; x_wconf 85' lang='lat' dir='ltr'><strong>modo</strong></span> <span class='ocrx_word' id='word_1_158' title='bbox 1529 2649 1572 2702; x_wconf 84' lang='lat' dir='ltr'><strong>at-</strong></span> 
     </span>
     <span class='ocr_line' id='line_1_26' title="bbox 805 2736 1661 2814; baseline -0.004 -21"><span class='ocrx_word' id='word_1_159' title='bbox 805 2736 907 2809; x_wconf 84' lang='lat' dir='ltr'><strong>quein</strong></span> <span class='ocrx_word' id='word_1_160' title='bbox 922 2736 1014 2810; x_wconf 81' lang='lat' dir='ltr'>priori</span> <span class='ocrx_word' id='word_1_161' title='bbox 1030 2736 1167 2794; x_wconf 88' lang='lat' dir='ltr'><strong>membro</strong></span> <span class='ocrx_word' id='word_1_162' title='bbox 1181 2737 1313 2810; x_wconf 89' lang='lat' dir='ltr'><strong>positum</strong></span> <span class='ocrx_word' id='word_1_163' title='bbox 1329 2739 1372 2791; x_wconf 82' lang='lat' dir='ltr'><strong>est</strong></span> <span class='ocrx_word' id='word_1_164' title='bbox 1380 2775 1568 2792; x_wconf 86' lang='grc'><strong>...........</strong></span> <span class='ocrx_word' id='word_1_165' title='bbox 1594 2737 1661 2814; x_wconf 81' lang='grc'>253</span> 
     </span>
     <span class='ocr_line' id='line_1_27' title="bbox 725 2822 1579 2899; baseline -0.001 -19"><span class='ocrx_word' id='word_1_166' title='bbox 725 2831 754 2880; x_wconf 79' lang='grc' dir='ltr'><strong>ῖο</strong></span> <span class='ocrx_word' id='word_1_167' title='bbox 768 2827 896 2884; x_wconf 85' lang='lat' dir='ltr'><strong>Verbum</strong></span> <span class='ocrx_word' id='word_1_168' title='bbox 911 2825 1114 2899; x_wconf 83' lang='lat' dir='ltr'><strong>supplendum</strong></span> <span class='ocrx_word' id='word_1_169' title='bbox 1129 2825 1188 2882; x_wconf 86' lang='lat' dir='ltr'><strong>alio</strong></span> <span class='ocrx_word' id='word_1_170' title='bbox 1203 2829 1338 2898; x_wconf 85' lang='lat' dir='ltr'><strong>tempore</strong></span> <span class='ocrx_word' id='word_1_171' title='bbox 1356 2823 1402 2879; x_wconf 87' lang='lat' dir='ltr'><strong>vel</strong></span> <span class='ocrx_word' id='word_1_172' title='bbox 1419 2822 1511 2880; x_wconf 90' lang='lat' dir='ltr'><strong>modo</strong></span> <span class='ocrx_word' id='word_1_173' title='bbox 1532 2839 1579 2879; x_wconf 85' lang='lat' dir='ltr'><strong>ex-</strong></span> 
     </span>
     <span class='ocr_line' id='line_1_28' title="bbox 728 2912 1774 2988; baseline -0.003 -18"><span class='ocrx_word' id='word_1_174' title='bbox 728 2965 730 2970; x_wconf 68' lang='lat'>,</span> <span class='ocrx_word' id='word_1_175' title='bbox 803 2915 892 2972; x_wconf 79' lang='lat' dir='ltr'>verbo</span> <span class='ocrx_word' id='word_1_176' title='bbox 908 2915 1058 2988; x_wconf 82' lang='lat' dir='ltr'><strong>sequentis</strong></span> <span class='ocrx_word' id='word_1_177' title='bbox 1074 2913 1224 2972; x_wconf 68' lang='lat' dir='ltr'><strong>enuntiati</strong></span> <span class='ocrx_word' id='word_1_178' title='bbox 1240 2912 1433 2972; x_wconf 66' lang='lat' dir='ltr'><strong>secundarii..</strong></span> <span class='ocrx_word' id='word_1_179' title='bbox 1446 2953 1565 2968; x_wconf 87' lang='grc'><strong>.......</strong></span> <span class='ocrx_word' id='word_1_180' title='bbox 1609 2916 1661 2968; x_wconf 87' lang='grc'><strong>254</strong></span> <span class='ocrx_word' id='word_1_181' title='bbox 1773 2919 1774 2938; x_wconf 66' lang='lat'>¹</span> 
     </span>
     <span class='ocr_line' id='line_1_29' title="bbox 639 2980 1773 3061; baseline -0.004 -1"><span class='ocrx_word' id='word_1_182' title='bbox 639 3042 645 3052; x_wconf 85' lang='lat'>·</span> <span class='ocrx_word' id='word_1_183' title='bbox 709 3007 755 3059; x_wconf 90' lang='lat'><strong>·8⁰</strong></span> <span class='ocrx_word' id='word_1_184' title='bbox 770 3003 985 3061; x_wconf 77' lang='lat' dir='ltr'><strong>particularum</strong></span> <span class='ocrx_word' id='word_1_185' title='bbox 997 3019 1060 3059; x_wconf 82' lang='lat' dir='ltr'><strong>uum</strong></span> <span class='ocrx_word' id='word_1_186' title='bbox 1073 3008 1101 3060; x_wconf 89' lang='lat' dir='ltr'><strong>et</strong></span> <span class='ocrx_word' id='word_1_187' title='bbox 1115 3004 1163 3058; x_wconf 80' lang='lat' dir='ltr'><strong>sut</strong></span> <span class='ocrx_word' id='word_1_188' title='bbox 1175 3002 1318 3060; x_wconf 83' lang='lat' dir='ltr'><strong>detractio</strong></span> <span class='ocrx_word' id='word_1_189' title='bbox 1333 3042 1565 3056; x_wconf 90' lang='grc'><strong><em>.............</em></strong></span> <span class='ocrx_word' id='word_1_190' title='bbox 1608 3003 1660 3058; x_wconf 85' lang='grc'>254</span> <span class='ocrx_word' id='word_1_191' title='bbox 1772 2980 1773 3008; x_wconf 55' lang='lat'>¹</span> 
     </span>
     <span class='ocr_line' id='line_1_30' title="bbox 517 3092 1657 3166; baseline -0.002 -17"><span class='ocrx_word' id='word_1_192' title='bbox 517 3095 561 3148; x_wconf 94' lang='lat' dir='ltr'><strong>lV.</strong></span> <span class='ocrx_word' id='word_1_193' title='bbox 581 3125 611 3134; x_wconf 86' lang='lat'><strong>·-</strong></span> <span class='ocrx_word' id='word_1_194' title='bbox 626 3095 666 3149; x_wconf 83' lang='lat' dir='ltr'><strong>De</strong></span> <span class='ocrx_word' id='word_1_195' title='bbox 679 3093 776 3150; x_wconf 79' lang='lat' dir='ltr'><strong>colore</strong></span> <span class='ocrx_word' id='word_1_196' title='bbox 790 3093 919 3149; x_wconf 84' lang='lat' dir='ltr'><strong>oratorio</strong></span> <span class='ocrx_word' id='word_1_197' title='bbox 932 3101 959 3150; x_wconf 83' lang='lat' dir='ltr'><strong>et</strong></span> <span class='ocrx_word' id='word_1_198' title='bbox 974 3092 1091 3166; x_wconf 84' lang='lat' dir='ltr'><strong>poetico</strong></span> <span class='ocrx_word' id='word_1_199' title='bbox 1104 3131 1182 3150; x_wconf 91' lang='grc'><strong>.....</strong></span> <span class='ocrx_word' id='word_1_200' title='bbox 1185 3133 1187 3138; x_wconf 68' lang='lat'>,</span> <span class='ocrx_word' id='word_1_201' title='bbox 1193 3131 1560 3148; x_wconf 88' lang='grc'><strong><em>....................</em></strong></span> <span class='ocrx_word' id='word_1_202' title='bbox 1605 3095 1657 3148; x_wconf 89' lang='grc'><strong>255</strong></span> 
     </span>
     <span class='ocr_line' id='line_1_31' title="bbox 626 3183 1658 3239; baseline -0.004 -1"><span class='ocrx_word' id='word_1_203' title='bbox 626 3186 652 3236; x_wconf 81' lang='grc'><strong>40</strong></span> <span class='ocrx_word' id='word_1_204' title='bbox 668 3185 870 3238; x_wconf 78' lang='lat' dir='ltr'><strong>Transtutioues</strong></span> <span class='ocrx_word' id='word_1_205' title='bbox 879 3226 884 3236; x_wconf 90' lang='lat'>.</span> <span class='ocrx_word' id='word_1_206' title='bbox 894 3224 899 3236; x_wconf 93' lang='lat'>.</span> <span class='ocrx_word' id='word_1_207' title='bbox 911 3222 918 3235; x_wconf 88' lang='lat'><strong>.</strong></span> <span class='ocrx_word' id='word_1_208' title='bbox 930 3225 936 3238; x_wconf 93' lang='lat'><strong>.</strong></span> <span class='ocrx_word' id='word_1_209' title='bbox 947 3226 953 3237; x_wconf 89' lang='lat'><strong><em>.</em></strong></span> <span class='ocrx_word' id='word_1_210' title='bbox 965 3226 971 3238; x_wconf 87' lang='lat'>.</span> <span class='ocrx_word' id='word_1_211' title='bbox 984 3193 990 3236; x_wconf 81' lang='grc'><strong>.’</strong></span> <span class='ocrx_word' id='word_1_212' title='bbox 1001 3217 1561 3239; x_wconf 88' lang='grc'><strong>...............................</strong></span> <span class='ocrx_word' id='word_1_213' title='bbox 1605 3183 1658 3234; x_wconf 89' lang='grc'><strong>255</strong></span> 
     </span>
     <span class='ocr_line' id='line_1_32' title="bbox 621 3272 1657 3346; baseline -0.004 -19"><span class='ocrx_word' id='word_1_214' title='bbox 621 3277 651 3328; x_wconf 85' lang='grc'><strong>20</strong></span> <span class='ocrx_word' id='word_1_215' title='bbox 663 3274 764 3328; x_wconf 80' lang='lat' dir='ltr'><strong>Litotes</strong></span> <span class='ocrx_word' id='word_1_216' title='bbox 771 3311 1238 3328; x_wconf 76' lang='grc'><strong>...........................</strong></span> <span class='ocrx_word' id='word_1_217' title='bbox 1243 3338 1245 3346; x_wconf 22' lang='lat' dir='ltr'>y</span> <span class='ocrx_word' id='word_1_218' title='bbox 1250 3309 1416 3326; x_wconf 88' lang='grc'><strong><em>..........</em></strong></span> <span class='ocrx_word' id='word_1_219' title='bbox 1420 3274 1425 3283; x_wconf 93' lang='grc'><strong>’</strong></span> <span class='ocrx_word' id='word_1_220' title='bbox 1427 3309 1560 3328; x_wconf 86' lang='lat'><strong>........</strong></span> <span class='ocrx_word' id='word_1_221' title='bbox 1604 3272 1657 3324; x_wconf 85' lang='grc'>256</span> 
     </span>
     <span class='ocr_line' id='line_1_33' title="bbox 622 3361 1657 3418; baseline -0.005 -1"><span class='ocrx_word' id='word_1_222' title='bbox 622 3363 820 3417; x_wconf 81' lang='lat' dir='ltr'><strong>3⁰Atttterutt0</strong></span> <span class='ocrx_word' id='word_1_223' title='bbox 826 3397 1451 3418; x_wconf 89' lang='grc'><strong>....................................</strong></span> <span class='ocrx_word' id='word_1_224' title='bbox 1454 3388 1456 3394; x_wconf 90' lang='grc'><strong><em>·</em></strong></span> <span class='ocrx_word' id='word_1_225' title='bbox 1465 3398 1562 3417; x_wconf 84' lang='grc'><strong>......</strong></span> <span class='ocrx_word' id='word_1_226' title='bbox 1605 3361 1657 3414; x_wconf 91' lang='grc'>256</span> 
     </span>
     <span class='ocr_line' id='line_1_34' title="bbox 525 3442 1656 3523; baseline -0.004 -18"><span class='ocrx_word' id='word_1_227' title='bbox 525 3453 557 3506; x_wconf 83' lang='lat' dir='ltr'><strong>V.</strong></span> <span class='ocrx_word' id='word_1_228' title='bbox 572 3481 604 3494; x_wconf 93' lang='lat'><em>-</em></span> <span class='ocrx_word' id='word_1_229' title='bbox 621 3453 661 3507; x_wconf 83' lang='lat' dir='ltr'><strong>De</strong></span> <span class='ocrx_word' id='word_1_230' title='bbox 675 3453 843 3508; x_wconf 83' lang='lat' dir='ltr'><strong>Graecorum</strong></span> <span class='ocrx_word' id='word_1_231' title='bbox 859 3449 1025 3506; x_wconf 80' lang='lat' dir='ltr'><strong>imitatione</strong></span> <span class='ocrx_word' id='word_1_232' title='bbox 1038 3447 1121 3523; x_wconf 83' lang='lat' dir='ltr'><strong>apud</strong></span> <span class='ocrx_word' id='word_1_233' title='bbox 1139 3446 1325 3506; x_wconf 85' lang='lat' dir='ltr'><strong>Sallustium.</strong></span> <span class='ocrx_word' id='word_1_234' title='bbox 1336 3487 1344 3504; x_wconf 90' lang='lat'><strong>.</strong></span> <span class='ocrx_word' id='word_1_235' title='bbox 1355 3489 1362 3503; x_wconf 92' lang='lat'><strong>.</strong></span> <span class='ocrx_word' id='word_1_236' title='bbox 1374 3487 1380 3503; x_wconf 93' lang='lat'><strong>.</strong></span> <span class='ocrx_word' id='word_1_237' title='bbox 1391 3442 1417 3504; x_wconf 75' lang='grc' dir='ltr'><strong>,ζ</strong></span> <span class='ocrx_word' id='word_1_238' title='bbox 1428 3487 1505 3504; x_wconf 92' lang='grc'><strong>.....</strong></span> <span class='ocrx_word' id='word_1_239' title='bbox 1515 3471 1560 3516; x_wconf 54' lang='grc' dir='ltr'><strong>φ.</strong></span> <span class='ocrx_word' id='word_1_240' title='bbox 1604 3449 1656 3501; x_wconf 93' lang='grc'>256</span> 
     </span>
     <span class='ocr_line' id='line_1_35' title="bbox 619 3538 1655 3597; baseline -0.007 0"><span class='ocrx_word' id='word_1_241' title='bbox 619 3544 651 3597; x_wconf 87' lang='grc' dir='ltr'><strong>Α.</strong></span> <span class='ocrx_word' id='word_1_242' title='bbox 669 3571 704 3582; x_wconf 93' lang='grc'>-</span> <span class='ocrx_word' id='word_1_243' title='bbox 719 3542 823 3596; x_wconf 77' lang='lat' dir='ltr'><strong>Guuuu</strong></span> <span class='ocrx_word' id='word_1_244' title='bbox 842 3554 1081 3595; x_wconf 75' lang='lat' dir='ltr'><strong>cuusmummuus</strong></span> <span class='ocrx_word' id='word_1_245' title='bbox 1087 3575 1559 3594; x_wconf 89' lang='grc'><strong>...........................</strong></span> <span class='ocrx_word' id='word_1_246' title='bbox 1603 3538 1655 3590; x_wconf 91' lang='grc'>256</span> 
     </span>
     <span class='ocr_line' id='line_1_36' title="bbox 621 3627 1655 3701; baseline -0.006 -17"><span class='ocrx_word' id='word_1_247' title='bbox 621 3632 649 3684; x_wconf 87' lang='lat' dir='ltr'><strong>B.</strong></span> <span class='ocrx_word' id='word_1_248' title='bbox 666 3659 699 3675; x_wconf 65' lang='grc'>-</span> <span class='ocrx_word' id='word_1_249' title='bbox 716 3631 790 3688; x_wconf 76' lang='lat' dir='ltr'><strong>tom</strong></span> <span class='ocrx_word' id='word_1_250' title='bbox 812 3645 893 3685; x_wconf 74' lang='lat' dir='ltr'><strong>uum</strong></span> <span class='ocrx_word' id='word_1_251' title='bbox 913 3645 939 3685; x_wconf 79' lang='lat' dir='ltr'><strong>m</strong></span> <span class='ocrx_word' id='word_1_252' title='bbox 959 3644 1060 3694; x_wconf 83' lang='lat' dir='ltr'><strong>Qumus</strong></span> <span class='ocrx_word' id='word_1_253' title='bbox 1079 3641 1231 3684; x_wconf 78' lang='lat' dir='ltr'><strong>uuucouuu</strong></span> <span class='ocrx_word' id='word_1_254' title='bbox 1250 3639 1561 3701; x_wconf 66' lang='lat' dir='ltr'><strong>mutuummum...</strong></span> <span class='ocrx_word' id='word_1_255' title='bbox 1604 3627 1655 3680; x_wconf 79' lang='grc'>257</span> 
     </span>
     <span class='ocr_line' id='line_1_37' title="bbox 371 3705 1655 3776; baseline -0.005 -2"><span class='ocrx_word' id='word_1_256' title='bbox 371 3718 532 3774; x_wconf 83' lang='lat' dir='ltr'><strong>Coumusm</strong></span> <span class='ocrx_word' id='word_1_257' title='bbox 549 3757 860 3775; x_wconf 90' lang='grc'><strong>..................</strong></span> <span class='ocrx_word' id='word_1_258' title='bbox 865 3705 870 3713; x_wconf 73' lang='grc'>’</span> <span class='ocrx_word' id='word_1_259' title='bbox 872 3754 1523 3776; x_wconf 86' lang='grc'><strong>.....................................</strong></span> <span class='ocrx_word' id='word_1_260' title='bbox 1552 3756 1558 3768; x_wconf 96' lang='grc'>.</span> <span class='ocrx_word' id='word_1_261' title='bbox 1602 3714 1655 3767; x_wconf 89' lang='grc'><strong>266</strong></span> 
     </span>
     <span class='ocr_line' id='line_1_38' title="bbox 369 3804 1653 3864; baseline -0.005 -1"><span class='ocrx_word' id='word_1_262' title='bbox 369 3811 499 3864; x_wconf 67' lang='lat' dir='ltr'><strong>Annium</strong></span> <span class='ocrx_word' id='word_1_263' title='bbox 520 3823 554 3862; x_wconf 81' lang='lat' dir='ltr'><strong>m</strong></span> <span class='ocrx_word' id='word_1_264' title='bbox 575 3817 748 3863; x_wconf 77' lang='lat' dir='ltr'><strong>mmmmm</strong></span> <span class='ocrx_word' id='word_1_265' title='bbox 763 3848 966 3864; x_wconf 88' lang='grc'><strong><em>............</em></strong></span> <span class='ocrx_word' id='word_1_266' title='bbox 979 3852 982 3860; x_wconf 93' lang='grc'>.</span> <span class='ocrx_word' id='word_1_267' title='bbox 995 3843 1559 3863; x_wconf 89' lang='grc'><strong>...............................</strong></span> <span class='ocrx_word' id='word_1_268' title='bbox 1602 3804 1653 3857; x_wconf 87' lang='grc'><strong>262</strong></span> 
     </span>
    </p>
   </div>
   <div class='ocr_carea' id='block_1_3' title="bbox 0 0 1792 5724">
    <p class='ocr_par' dir='ltr' id='par_1_3' title="bbox 0 0 1792 5724">
     <span class='ocr_line' id='line_1_39' title="bbox 0 0 1792 5724; baseline 0 9"><span class='ocrx_word' id='word_1_269' title='bbox 0 0 1792 5724; x_wconf 95' lang='lat' dir='ltr'><strong> </strong></span> 
     </span>
    </p>
   </div>
  </div>
 </body>
</html>
