3576 5724
949 406 1147 464 -els-

406 552 512 640 licipio
527 552 698 631 indicatur,
717 563 772 617 aut
788 571 824 616 eo
841 560 981 637 ternpore
1001 552 1087 638 quod
1103 552 1136 617 in
1160 552 1256 618 verbo
1271 551 1362 618 linito
1389 552 1571 619 continetur
1593 554 1667 620 eris·

405 661 454 740 tit,
470 672 538 738 aut,
561 662 633 726 licet
651 671 722 725 ante
735 659 799 745 jam
818 657 985 734 exstiterit,
1003 669 1188 724 tamennon
1209 659 1304 744 plane
1320 659 1466 726 absoluta
1486 671 1545 739 est,
1560 659 1612 726 sed
1626 671 1666 726 ta·

406 767 443 833 lis
458 768 549 854 cujus
569 767 697 832 allectus
713 763 867 852 usquead
884 767 1019 830 alteram
1033 765 1129 830 verbo
1146 765 1236 831 finito
1256 765 1448 832 declaratam
1465 767 1620 852 pertineat
1637 788 1667 833 ac

403 874 508 952 duret,
525 873 623 939 veluti
644 875 715 954 lug.
740 873 793 951 19,
818 873 850 948 7,
874 865 1004 937 Maziris
1023 869 1174 937 omnibns
1195 892 1255 936 rea
1277 855 1424 938 Bocclras
1447 871 1664 962 imperitabat,

399 992 521 1068 pra’lcr
543 1001 662 1045 nomen
688 990 795 1044 cetera
815 977 952 1065 ipnaras
972 976 1093 1066 populi
1109 977 1264 1058 Romani,
1290 977 1433 1066 itemque
1455 978 1549 1046 nobis
1571 1001 1666 1068 neque
1757 1023 1758 1026 =

403 1083 486 1151 bello
501 1107 606 1173 neque
616 1107 700 1174 pace
715 1095 812 1149 antea
827 1087 989 1169 cognitus3
1008 1086 1075 1150 Cat.
1095 1086 1150 1164 55,
1168 1087 1200 1161 3,
1220 1096 1267 1150 est
1279 1085 1313 1150 in
1328 1107 1458 1152 carcere
1473 1085 1561 1152 loeas
1576 1087 1666 1154 circl-

403 1204 451 1258 ter
465 1191 636 1258 duodecim
648 1189 747 1280 pedes
761 1190 857 1256 hermi
868 1191 1052 1277 depressus3
1070 1193 1108 1257 cl.
1125 1194 1197 1278 lug.
1219 1194 1273 1270 11,
1292 1195 1327 1272 1;
1345 1195 1424 1260 Hist.
1443 1215 1466 1273 ι,
1483 1195 1538 1271 51,
1554 1195 1585 1262 7.

451 1309 591 1374 «Contra
602 1327 651 1388 ea,
664 1306 832 1393 participio
845 1307 889 1372 uti
905 1307 1062 1387 nonlicet,
1075 1307 1100 1372 si
1116 1309 1197 1373 actio
1208 1307 1277 1387 illa,
1291 1318 1347 1372 ant
1358 1319 1426 1392 post
1438 1290 1570 1374 alteram
1580 1309 1665 1374 ver'bo

403 1415 492 1480 finito
514 1415 707 1480 declaratam
729 1414 860 1492 exstitit,
879 1423 934 1479 aut
951 1414 997 1477 ita
1019 1425 1092 1479 ante
1110 1434 1179 1480 earn
1200 1415 1330 1494 exstitit,
1350 1425 1385 1480 ut
1405 1415 1473 1500 ejus
1493 1417 1617 1482 ellectus
1635 1435 1666 1481 eo

401 1531 540 1608 temporo
556 1521 641 1606 quod
657 1520 689 1586 in
704 1521 798 1586 uerbo
818 1519 908 1585 linito
932 1520 1113 1585 continetur
1129 1521 1308 1607 praeteritus
1327 1523 1485 1608 planeque
1512 1521 1666 1588 absolutus
1757 1503 1758 1546 ³

400 1626 586 1714 cogitandus
601 1629 653 1706 sit,
667 1652 680 1688 u
694 1627 815 1712 (Lilia),
829 1637 863 1692 ut
873 1629 941 1692 Cat.
956 1627 1048 1707 31,6,
1058 1638 1128 1692 tam
1139 1630 1185 1693 M.
1196 1625 1321 1693 Tullius
1333 1627 1666 1717 consalsiaepraesen·
1757 1633 1758 1638 ’

401 1735 481 1799 tiam
495 1733 567 1822 ejas
579 1733 706 1813 timens,
715 1733 782 1799 sive
793 1733 844 1799 ira
854 1743 1036 1812 conmotus,
1049 1733 1232 1798 orationem
1243 1733 1667 1822 dabacitlacalentamalpac

399 1840 514 1907 utilem
528 1840 577 1906 rei
591 1839 749 1929 publicae,
768 1861 864 1926 quam
885 1852 994 1925 postea
1013 1841 1164 1926 scriptam
1185 1841 1302 1920 edidit;
1320 1842 1360 1906 cl.
1386 1843 1455 1908 Cat.
1474 1843 1529 1921 18,
1548 1843 1583 1920 3;
1599 1843 1663 1927 lug.
1757 1917 1758 1930 ,

399 1948 453 2025 35,
477 1949 513 2028 8;
537 1948 616 2012 llist.
639 1969 671 2025 u,
689 1947 744 2026 50,
762 1948 793 2012 7.
820 1948 881 2012 Nec
900 1948 1013 2033 magis,
1037 1946 1062 2012 si
1084 1947 1214 2012 verbum
1239 1949 1376 2014 activum
1401 1948 1443 2014 sit
1467 1959 1496 2014 et
1520 1949 1665 2014 actionem
1757 1933 1758 1936 ¹

399 2055 567 2140 significet,
594 2066 629 2120 ut
659 2056 728 2121 Cat.
757 2053 812 2133 58,
835 2055 887 2132 ll),
905 2064 1069 2142 praterea
1092 2052 1398 2141 necessariamque
1417 2054 1518 2120 etiam
1542 2053 1666 2120 timidos

395 2160 495 2248 sortis
508 2160 609 2248 facim
627 2163 667 2226 cl.
681 2161 749 2226 Cat.
767 2161 893 2239 51,25;
907 2160 962 2235 58,
981 2161 1120 2245 lo;Jug.
1137 2162 1170 2237 li,
1186 2161 1221 2240 33
1242 2161 1320 2224 Hist.
1339 2182 1361 2239 ι,
1375 2163 1429 2240 51,
1447 2162 1484 2241 8;
1502 2183 1550 2240 ιιι,
1568 2162 1622 2242 82,
1635 2163 1662 2225 1.

397 2268 453 2334 Sin
469 2287 543 2334 vero
558 2277 675 2333 statum
691 2267 846 2354 designat,
864 2267 1069 2352 participium
1084 2266 1226 2333 adhiberi
1243 2277 1360 2352 potest3
1375 2268 1435 2332 huc
1452 2268 1611 2353 pertinent
1631 2275 1664 2333 ea

324 2381 325 2384 ’
395 2375 553 2460 imprimis
570 2373 751 2460 partieipia,
767 2394 838 2460 quae
853 2375 949 2438 sitnm
964 2375 1105 2438 locorum
1120 2373 1314 2451 describunt,
1331 2375 1429 2440 veluti
1444 2377 1516 2461 Jng.
1536 2376 1590 2452 18,
1611 2375 1661 2440 3¹.

439 2482 504 2547 Hoc
522 2482 619 2547 etiam
630 2480 863 2547 observandum
878 2487 925 2546 est
943 2507 953 2539 ι
969 2480 1114 2546 omnibns
1128 2480 1215 2559 locis,
1234 2481 1287 2546 ubi
1300 2481 1355 2547 uni
1370 2483 1491 2546 nomini
1507 2484 1600 2568 plura
1613 2501 1663 2567 per·

355 2583 356 2588 ’
395 2588 627 2675 appositionem
648 2587 818 2665 addantur,
843 2587 915 2652 licet
942 2596 1043 2652 cetera
1072 2587 1274 2672 proferantur
1294 2587 1490 2674 participiis,
1511 2600 1613 2654 tamen
1634 2588 1662 2653 id

394 2695 492 2781 quod,
511 2695 535 2760 si
559 2693 729 2781 participio
752 2695 958 2780 proferretur,
983 2714 1055 2758 cum
1074 2695 1213 2761 ablativo
1235 2714 1378 2780 persona
1402 2715 1419 2760 e
1445 2696 1662 2782 praepositione

394 2801 551 2888 pendente
562 2801 1219 2887 essetconjungendum,mutatastructnrn
1228 2802 1397 2867 enunciata
1407 2802 1539 2866 relativo
1551 2802 1620 2867 addi
1637 2828 1661 2882 t,

393 2909 491 2993 veluti
507 2910 523 2974 J
528 2928 577 2994 ug.
595 2909 650 2987 65,
670 2909 700 2984 1,
714 2919 786 2972 erat
795 2917 956 2996 praetereo
972 2905 1006 2971 ira
1020 2907 1163 2973 caercitn
1178 2919 1288 2972 nostro
1304 2905 1451 2976 Il'amicla
1463 2906 1598 2996 paidom
1613 2930 1664 2972 no·

393 3013 482 3080 mine
511 3012 642 3094 Gauda,
668 3011 910 3079 Mastanabalis
925 3011 1028 3100 silicas,
1056 3013 1238 3080 Masinissae
1260 3035 1371 3102 nepos,
1398 3034 1496 3102 pacm
1528 3014 1664 3102 Micipsa

391 3131 582 3188 testamento
596 3117 774 3186 secandam
794 3117 946 3184 heredem
965 3118 1150 3207 scripserat,
1172 3119 1295 3186 morbis
1309 3122 1476 3208 consectas
1490 3132 1522 3187 el
1537 3121 1577 3187 ob
1592 3143 1663 3188 cana

389 3251 525 3295 caecsam
550 3239 656 3294 mente
677 3226 820 3316 paulam
840 3226 1005 3292 inminuta
1033 3227 1085 3314 (cl.
1111 3230 1179 3294 Cat.
1209 3229 1263 3305 ⁰23,
1293 3231 1328 3308 l;
1352 3231 1423 3314 lug.
1449 3231 1505 3308 85,
1532 3231 1603 3316 30),
1627 3251 1663 3296 ex

389 3338 506 3422 quibus
520 3335 671 3421 exemplis
689 3335 823 3420 perspici
844 3345 943 3421 potest
959 3355 996 3400 ea
1013 3335 1241 3414 additamenta,
1259 3355 1330 3421 quae
1346 3337 1446 3402 artius
1459 3355 1532 3403 cnm
1548 3357 1581 3402 re
1598 3338 1662 3422 ipsa

387 3431 567 3509 cnhaereant
582 3448 674 3528 eique
690 3442 754 3506 sint
770 3442 911 3529 propria,
926 3461 982 3528 per
997 3441 1203 3528 participium
1216 3442 1365 3526 proferri,
1377 3463 1414 3508 ea
1427 3431 1500 3509 vero
1517 3465 1589 3529 quae
1603 3446 1663 3510 sint

388 3549 487 3635 magis
503 3549 696 3622 extrinsecus
712 3549 801 3615 illata
813 3568 869 3634 per
884 3567 1057 3634 pronomen
1074 3548 1242 3614 relativum
1253 3549 1395 3634 adjungi.
1419 3552 1524 3616 «Item
1544 3552 1660 3636 ubique

388 3657 555 3722 observare
572 3655 679 3722 licata
699 3656 853 3721 Sallustio
873 3666 1048 3721 structuras
1068 3653 1108 3720 ad
1132 3655 1289 3721 internam
1315 3654 1455 3722 indolem
1479 3677 1589 3724 rerum
1610 3677 1661 3723 ac-

387 3763 595 3840 commodari,
612 3782 799 3849 semperque
814 3771 936 3827 mutata
953 3772 1114 3827 structura
1132 3771 1254 3828 certum
1273 3763 1417 3828 ordinem
1438 3774 1468 3828 et
1483 3766 1598 3831 seriem
1612 3784 1661 3830 re-

388 3892 471 3948 rurn,
488 3871 581 3936 rnodo
596 3870 777 3955 exemplum
793 3868 923 3954 aliquod
939 3869 983 3934 rei
1000 3887 1056 3954 per
1071 3869 1276 3955 participium
1288 3871 1320 3934 in
1335 3869 1658 3937 universumtantum

388 3977 546 4054 indicatae,
564 3979 657 4044 modo
673 3977 927 4043 consecutionem
948 3975 1084 4061 alicujus
1098 3977 1141 4041 rei
1159 3995 1196 4042 ex
1212 3978 1312 4042 altera
1327 3977 1471 4042 denotari
1494 4005 1521 4056 t,
1541 3990 1576 4044 nt
1588 3980 1657 4064 lug.

385 4086 418 4162 8,
446 4087 477 4164 1,
497 4086 594 4172 suere
619 4083 803 4173 complures
822 4081 900 4147 noni
916 4093 1014 4169 atque
1034 4079 1158 4147 nobiles
1177 4119 1222 4132 --
1238 4083 1373 4170 factiosi
1390 4081 1492 4164 donzi,
1511 4095 1660 4174 polentes

385 4189 479 4282 apael
492 4191 605 4273 socios,
627 4190 712 4258 clari
723 4188 830 4278 mapis
846 4210 946 4276 picam
963 4187 1100 4269 hortasii,
1117 4188 1178 4276 qai
1190 4189 1361 4277 lapartlaae
1380 4212 1446 4255 non
1462 4190 1659 4258 mediocrem

385 4298 536 4365 animam
547 4295 763 4387 pollicitando
774 4294 1005 4384 accendebant,
1016 4296 1070 4362 nbi
1087 4309 1190 4361 tamen
1204 4297 1358 4382 adjectiva
1370 4297 1401 4362 in
1418 4299 1659 4384 participiorum

385 4407 487 4472 locum
504 4407 675 4472 succedunt
695 4405 747 4488 (cl.
769 4404 837 4471 Cat.
861 4405 915 4482 18,
937 4406 981 4487 1),
1009 4413 1040 4469 et
1060 4405 1130 4488 lug.
1155 4403 1231 4484 101,
1248 4405 1281 4481 o,
1298 4402 1560 4492 simalpladinm
1582 4428 1658 4472 san·

382 4511 484 4599 paine
503 4510 642 4578 oblitam
665 4497 844 4590 ostendere,
862 4530 958 4596 quern
980 4509 1015 4574 in
1027 4531 1141 4598 pupna
1160 4511 1239 4575 satis
1263 4509 1393 4598 inpipre
1422 4511 1526 4577 occiso
1547 4511 1658 4600 pedite

393 4794 396 4799 .
416 4764 437 4810 1.
455 4759 493 4807 cr.
509 4727 585 4820 narie,
601 4760 619 4809 ι.
633 4759 651 4808 ι.
662 4773 687 4822 p.
703 4751 785 4807 rs-lo.
