<?xml version="1.0" encoding="UTF-8"?>
<!DOCTYPE html PUBLIC "-//W3C//DTD XHTML 1.0 Transitional//EN"
    "http://www.w3.org/TR/xhtml1/DTD/xhtml1-transitional.dtd">
<html xmlns="http://www.w3.org/1999/xhtml" xml:lang="en" lang="en">
 <head>
  <title>
</title>
<meta http-equiv="Content-Type" content="text/html;charset=utf-8" />
  <meta name='ocr-system' content='tesseract 3.04.00' />
  <meta name='ocr-capabilities' content='ocr_page ocr_carea ocr_par ocr_line ocrx_word'/>
</head>
<body>
  <div class='ocr_page' id='page_1' title='image "./desermonesallus01consgoog_0262.png"; bbox 0 0 3576 5724; ppageno 0'>
   <div class='ocr_carea' id='block_1_1' title="bbox 662 437 858 498">
    <p class='ocr_par' dir='ltr' id='par_1_1' title="bbox 662 437 858 498">
     <span class='ocr_line' id='line_1_1' title="bbox 662 437 858 498; baseline -0.015 -1"><span class='ocrx_word' id='word_1_1' title='bbox 662 437 858 498; x_wconf 86' lang='grc'>-939-</span> 
     </span>
    </p>
   </div>
   <div class='ocr_carea' id='block_1_2' title="bbox 23 582 1400 1426">
    <p class='ocr_par' dir='ltr' id='par_1_2' title="bbox 23 582 1400 1309">
     <span class='ocr_line' id='line_1_2' title="bbox 173 582 1395 666; baseline -0.004 -12"><span class='ocrx_word' id='word_1_2' title='bbox 173 587 256 654; x_wconf 82' lang='lat' dir='ltr'><strong>Cam</strong></span> <span class='ocrx_word' id='word_1_3' title='bbox 280 621 322 632; x_wconf 90' lang='lat'>—</span> <span class='ocrx_word' id='word_1_4' title='bbox 349 585 489 653; x_wconf 76' lang='lat' dir='ltr'><strong>tecsz.</strong></span> <span class='ocrx_word' id='word_1_5' title='bbox 523 583 558 664; x_wconf 89' lang='grc'><strong>9,</strong></span> <span class='ocrx_word' id='word_1_6' title='bbox 587 582 623 666; x_wconf 86' lang='grc'><strong>3;</strong></span> <span class='ocrx_word' id='word_1_7' title='bbox 648 583 704 662; x_wconf 96' lang='grc'><strong>43,</strong></span> <span class='ocrx_word' id='word_1_8' title='bbox 729 583 765 664; x_wconf 88' lang='grc'><strong>5;</strong></span> <span class='ocrx_word' id='word_1_9' title='bbox 783 583 893 660; x_wconf 85' lang='grc'>49,5;</span> <span class='ocrx_word' id='word_1_10' title='bbox 917 582 971 662; x_wconf 92' lang='grc'><strong>64,</strong></span> <span class='ocrx_word' id='word_1_11' title='bbox 989 583 1030 662; x_wconf 86' lang='grc'><strong>5;</strong></span> <span class='ocrx_word' id='word_1_12' title='bbox 1054 583 1110 659; x_wconf 90' lang='grc'><strong>64,</strong></span> <span class='ocrx_word' id='word_1_13' title='bbox 1132 583 1167 664; x_wconf 90' lang='grc'><strong>4;</strong></span> <span class='ocrx_word' id='word_1_14' title='bbox 1185 582 1240 661; x_wconf 91' lang='grc'><strong>89,</strong></span> <span class='ocrx_word' id='word_1_15' title='bbox 1258 583 1298 662; x_wconf 87' lang='grc'><strong>6;</strong></span> <span class='ocrx_word' id='word_1_16' title='bbox 1318 583 1395 664; x_wconf 93' lang='grc'>104,</span> 
     </span>
     <span class='ocr_line' id='line_1_3' title="bbox 129 687 1396 776; baseline -0.001 -19"><span class='ocrx_word' id='word_1_17' title='bbox 129 693 165 772; x_wconf 90' lang='grc'><strong>3;</strong></span> <span class='ocrx_word' id='word_1_18' title='bbox 186 703 255 756; x_wconf 79' lang='lat' dir='ltr'><strong>tant</strong></span> <span class='ocrx_word' id='word_1_19' title='bbox 276 727 317 740; x_wconf 90' lang='lat'><em>-</em></span> <span class='ocrx_word' id='word_1_20' title='bbox 334 701 403 756; x_wconf 87' lang='lat' dir='ltr'><strong>tam</strong></span> <span class='ocrx_word' id='word_1_21' title='bbox 422 710 578 776; x_wconf 79' lang='lat' dir='ltr'><strong>nusquam</strong></span> <span class='ocrx_word' id='word_1_22' title='bbox 595 690 770 770; x_wconf 81' lang='lat' dir='ltr'><strong>invenitur,</strong></span> <span class='ocrx_word' id='word_1_23' title='bbox 791 690 852 756; x_wconf 88' lang='lat' dir='ltr'><strong>nisi</strong></span> <span class='ocrx_word' id='word_1_24' title='bbox 866 687 951 776; x_wconf 83' lang='lat' dir='ltr'><strong>quod</strong></span> <span class='ocrx_word' id='word_1_25' title='bbox 964 689 1002 754; x_wconf 92' lang='lat' dir='ltr'><strong>H.</strong></span> <span class='ocrx_word' id='word_1_26' title='bbox 1021 710 1055 767; x_wconf 80' lang='lat' dir='ltr'><strong>n,</strong></span> <span class='ocrx_word' id='word_1_27' title='bbox 1076 689 1130 768; x_wconf 91' lang='grc'><strong>99,</strong></span> <span class='ocrx_word' id='word_1_28' title='bbox 1151 690 1170 755; x_wconf 85' lang='lat'>3</span> <span class='ocrx_word' id='word_1_29' title='bbox 1187 709 1242 774; x_wconf 86' lang='lat' dir='ltr'><strong>pro</strong></span> <span class='ocrx_word' id='word_1_30' title='bbox 1262 711 1338 756; x_wconf 72' lang='lat' dir='ltr'><strong>aaran</strong></span> <span class='ocrx_word' id='word_1_31' title='bbox 1355 727 1396 742; x_wconf 86' lang='lat'><strong>--</strong></span> 
     </span>
     <span class='ocr_line' id='line_1_4' title="bbox 129 795 1176 866; baseline -0.004 -3"><span class='ocrx_word' id='word_1_32' title='bbox 129 809 196 864; x_wconf 87' lang='lat' dir='ltr'><strong>tam</strong></span> <span class='ocrx_word' id='word_1_33' title='bbox 212 797 391 864; x_wconf 86' lang='lat' dir='ltr'><strong>Dietsohius</strong></span> <span class='ocrx_word' id='word_1_34' title='bbox 407 795 840 866; x_wconf 77' lang='lat' dir='ltr'><strong>turn—tnmsuribendum</strong></span> <span class='ocrx_word' id='word_1_35' title='bbox 865 796 998 861; x_wconf 85' lang='lat' dir='ltr'><strong>censuit.</strong></span> <span class='ocrx_word' id='word_1_36' title='bbox 1172 838 1176 848; x_wconf 86' lang='lat'>-</span> 
     </span>
     <span class='ocr_line' id='line_1_5' title="bbox 23 901 1400 992; baseline -0.002 -21"><span class='ocrx_word' id='word_1_37' title='bbox 23 989 24 992; x_wconf 8' lang='grc' dir='ltr'><strong>Ἴ</strong></span> <span class='ocrx_word' id='word_1_38' title='bbox 168 901 269 971; x_wconf 85' lang='lat' dir='ltr'><strong>Modo</strong></span> <span class='ocrx_word' id='word_1_39' title='bbox 285 941 326 954; x_wconf 92' lang='lat'><strong>-·</strong></span> <span class='ocrx_word' id='word_1_40' title='bbox 341 901 508 970; x_wconf 85' lang='lat' dir='ltr'><strong>interdum</strong></span> <span class='ocrx_word' id='word_1_41' title='bbox 528 903 568 988; x_wconf 90' lang='lat' dir='ltr'><strong>(J.</strong></span> <span class='ocrx_word' id='word_1_42' title='bbox 588 903 641 981; x_wconf 81' lang='grc'><strong>49,</strong></span> <span class='ocrx_word' id='word_1_43' title='bbox 660 904 696 982; x_wconf 88' lang='grc'><strong>1;</strong></span> <span class='ocrx_word' id='word_1_44' title='bbox 717 904 773 981; x_wconf 88' lang='grc'><strong>55,</strong></span> <span class='ocrx_word' id='word_1_45' title='bbox 789 903 829 983; x_wconf 91' lang='grc'><strong>8;</strong></span> <span class='ocrx_word' id='word_1_46' title='bbox 845 903 900 976; x_wconf 87' lang='grc'><strong>69,</strong></span> <span class='ocrx_word' id='word_1_47' title='bbox 917 901 954 978; x_wconf 91' lang='grc'><strong>9;</strong></span> <span class='ocrx_word' id='word_1_48' title='bbox 975 901 1029 978; x_wconf 88' lang='grc'><strong>74,</strong></span> <span class='ocrx_word' id='word_1_49' title='bbox 1053 901 1084 986; x_wconf 87' lang='grc'><strong>4)</strong></span> <span class='ocrx_word' id='word_1_50' title='bbox 1108 901 1261 968; x_wconf 83' lang='lat' dir='ltr'><strong>Sallustio</strong></span> <span class='ocrx_word' id='word_1_51' title='bbox 1274 902 1400 968; x_wconf 84' lang='lat' dir='ltr'><strong>adamn-</strong></span> 
     </span>
     <span class='ocr_line' id='line_1_6' title="bbox 23 1003 1400 1099; baseline -0.001 -23"><span class='ocrx_word' id='word_1_52' title='bbox 23 1003 24 1084; x_wconf 72' lang='grc' dir='ltr'>Ϊ</span> <span class='ocrx_word' id='word_1_53' title='bbox 132 1022 197 1078; x_wconf 89' lang='lat' dir='ltr'><strong>tum</strong></span> <span class='ocrx_word' id='word_1_54' title='bbox 215 1029 280 1076; x_wconf 87' lang='lat' dir='ltr'><strong>esse</strong></span> <span class='ocrx_word' id='word_1_55' title='bbox 300 1010 442 1088; x_wconf 65' lang='lat' dir='ltr'><strong>videtum</strong></span> <span class='ocrx_word' id='word_1_56' title='bbox 466 1009 521 1094; x_wconf 83' lang='lat' dir='ltr'><strong>(oi.</strong></span> <span class='ocrx_word' id='word_1_57' title='bbox 544 1011 618 1078; x_wconf 82' lang='lat' dir='ltr'><strong>lior.</strong></span> <span class='ocrx_word' id='word_1_58' title='bbox 637 1009 703 1076; x_wconf 87' lang='lat' dir='ltr'><strong>Set.</strong></span> <span class='ocrx_word' id='word_1_59' title='bbox 721 1031 744 1088; x_wconf 80' lang='grc' dir='ltr'><strong>ι,</strong></span> <span class='ocrx_word' id='word_1_60' title='bbox 761 1011 794 1084; x_wconf 92' lang='grc'><strong>9,</strong></span> <span class='ocrx_word' id='word_1_61' title='bbox 810 1009 830 1074; x_wconf 85' lang='lat'><strong>9</strong></span> <span class='ocrx_word' id='word_1_62' title='bbox 839 1032 847 1088; x_wconf 93' lang='lat'>;</span> <span class='ocrx_word' id='word_1_63' title='bbox 875 1010 963 1076; x_wconf 87' lang='grc'>8441.</span> <span class='ocrx_word' id='word_1_64' title='bbox 987 1010 1065 1099; x_wconf 78' lang='lat' dir='ltr'><strong>nug.</strong></span> <span class='ocrx_word' id='word_1_65' title='bbox 1094 1009 1166 1092; x_wconf 82' lang='lat'>75);</span> <span class='ocrx_word' id='word_1_66' title='bbox 1189 1019 1221 1073; x_wconf 87' lang='lat' dir='ltr'><strong>et</strong></span> <span class='ocrx_word' id='word_1_67' title='bbox 1243 1007 1339 1076; x_wconf 87' lang='lat' dir='ltr'><strong>modo</strong></span> <span class='ocrx_word' id='word_1_68' title='bbox 1355 1045 1400 1062; x_wconf 92' lang='lat'><em>-</em></span> 
     </span>
     <span class='ocr_line' id='line_1_7' title="bbox 130 1111 1397 1203; baseline -0.002 -20"><span class='ocrx_word' id='word_1_69' title='bbox 130 1115 225 1183; x_wconf 84' lang='lat' dir='ltr'><strong>modo</strong></span> <span class='ocrx_word' id='word_1_70' title='bbox 249 1117 365 1202; x_wconf 78' lang='lat' dir='ltr'><strong>saepius</strong></span> <span class='ocrx_word' id='word_1_71' title='bbox 386 1117 542 1196; x_wconf 86' lang='lat' dir='ltr'><strong>occurrit;</strong></span> <span class='ocrx_word' id='word_1_72' title='bbox 563 1152 605 1164; x_wconf 87' lang='lat'><strong>-</strong></span> <span class='ocrx_word' id='word_1_73' title='bbox 619 1113 730 1194; x_wconf 84' lang='lat' dir='ltr'><strong>modo,</strong></span> <span class='ocrx_word' id='word_1_74' title='bbox 750 1111 846 1180; x_wconf 82' lang='lat' dir='ltr'><strong>modo</strong></span> <span class='ocrx_word' id='word_1_75' title='bbox 874 1151 918 1166; x_wconf 92' lang='lat'>-</span> <span class='ocrx_word' id='word_1_76' title='bbox 943 1135 1038 1203; x_wconf 78' lang='lat' dir='ltr'><strong>sape,</strong></span> <span class='ocrx_word' id='word_1_77' title='bbox 1062 1115 1091 1180; x_wconf 89' lang='lat' dir='ltr'><strong>J.</strong></span> <span class='ocrx_word' id='word_1_78' title='bbox 1122 1113 1176 1194; x_wconf 88' lang='grc'><strong>45,</strong></span> <span class='ocrx_word' id='word_1_79' title='bbox 1194 1115 1302 1203; x_wconf 89' lang='grc'>9;(41.</span> <span class='ocrx_word' id='word_1_80' title='bbox 1321 1117 1397 1182; x_wconf 89' lang='lat' dir='ltr'><strong>lior.</strong></span> 
     </span>
     <span class='ocr_line' id='line_1_8' title="bbox 130 1211 549 1309; baseline -0.002 -21"><span class='ocrx_word' id='word_1_81' title='bbox 130 1225 197 1289; x_wconf 84' lang='grc'>841.</span> <span class='ocrx_word' id='word_1_82' title='bbox 215 1245 238 1302; x_wconf 87' lang='lat'><strong>1,</strong></span> <span class='ocrx_word' id='word_1_83' title='bbox 257 1211 310 1299; x_wconf 88' lang='grc'><strong>10,</strong></span> <span class='ocrx_word' id='word_1_84' title='bbox 330 1225 384 1302; x_wconf 90' lang='grc'><strong>11,</strong></span> <span class='ocrx_word' id='word_1_85' title='bbox 401 1233 433 1290; x_wconf 90' lang='grc'><strong>41</strong></span> <span class='ocrx_word' id='word_1_86' title='bbox 444 1223 549 1309; x_wconf 58' lang='lat' dir='ltr'><strong>Tou).</strong></span> 
     </span>
    </p>

    <p class='ocr_par' dir='ltr' id='par_1_3' title="bbox 173 1325 1339 1426">
     <span class='ocr_line' id='line_1_9' title="bbox 173 1325 1339 1426; baseline -0.004 -28"><span class='ocrx_word' id='word_1_87' title='bbox 173 1329 285 1398; x_wconf 80' lang='lat' dir='ltr'><strong>Prt&#39;nuo</strong></span> <span class='ocrx_word' id='word_1_88' title='bbox 299 1365 341 1380; x_wconf 89' lang='lat'><strong>·-</strong></span> <span class='ocrx_word' id='word_1_89' title='bbox 356 1325 473 1396; x_wconf 68' lang='lat' dir='ltr'><strong>deiende</strong></span> <span class='ocrx_word' id='word_1_90' title='bbox 488 1367 529 1380; x_wconf 90' lang='lat'>-</span> <span class='ocrx_word' id='word_1_91' title='bbox 543 1349 659 1395; x_wconf 80' lang='lat' dir='ltr'><strong>rursum</strong></span> <span class='ocrx_word' id='word_1_92' title='bbox 678 1329 706 1412; x_wconf 84' lang='grc'><strong>(4</strong></span> <span class='ocrx_word' id='word_1_93' title='bbox 711 1377 718 1394; x_wconf 91' lang='grc'>.</span> <span class='ocrx_word' id='word_1_94' title='bbox 733 1329 789 1407; x_wconf 88' lang='grc'><strong>69,</strong></span> <span class='ocrx_word' id='word_1_95' title='bbox 808 1329 858 1414; x_wconf 92' lang='grc'><strong>1);</strong></span> <span class='ocrx_word' id='word_1_96' title='bbox 874 1348 989 1392; x_wconf 81' lang='lat' dir='ltr'><strong>rursus</strong></span> <span class='ocrx_word' id='word_1_97' title='bbox 1008 1364 1049 1376; x_wconf 92' lang='lat'>-</span> <span class='ocrx_word' id='word_1_98' title='bbox 1062 1339 1138 1415; x_wconf 85' lang='lat' dir='ltr'><strong>post</strong></span> <span class='ocrx_word' id='word_1_99' title='bbox 1157 1330 1197 1410; x_wconf 92' lang='lat' dir='ltr'><strong>(J.</strong></span> <span class='ocrx_word' id='word_1_100' title='bbox 1216 1329 1270 1426; x_wconf 83' lang='grc'><strong>55,</strong></span> <span class='ocrx_word' id='word_1_101' title='bbox 1292 1329 1339 1416; x_wconf 83' lang='lat'><strong>8).</strong></span> 
     </span>
    </p>
   </div>
   <div class='ocr_carea' id='block_1_3' title="bbox 641 1615 786 1700">
    <p class='ocr_par' dir='ltr' id='par_1_4' title="bbox 641 1615 786 1700">
     <span class='ocr_line' id='line_1_10' title="bbox 641 1615 786 1700; baseline -0.007 -20"><span class='ocrx_word' id='word_1_102' title='bbox 641 1695 644 1700; x_wconf 41' lang='lat'><strong><em>‚</em></strong></span> <span class='ocrx_word' id='word_1_103' title='bbox 748 1615 786 1681; x_wconf 88' lang='grc'><strong>4.</strong></span> 
     </span>
    </p>
   </div>
   <div class='ocr_carea' id='block_1_4' title="bbox 360 1791 1319 1892">
    <p class='ocr_par' dir='ltr' id='par_1_5' title="bbox 360 1791 1319 1892">
     <span class='ocr_line' id='line_1_11' title="bbox 360 1791 1319 1892; baseline 0 -28"><span class='ocrx_word' id='word_1_104' title='bbox 360 1791 550 1864; x_wconf 75' lang='grc'>4444444514</span> <span class='ocrx_word' id='word_1_105' title='bbox 565 1806 712 1878; x_wconf 70' lang='lat' dir='ltr'><strong>particulae</strong></span> <span class='ocrx_word' id='word_1_106' title='bbox 727 1806 796 1878; x_wconf 84' lang='grc'>(444,</span> <span class='ocrx_word' id='word_1_107' title='bbox 812 1811 851 1874; x_wconf 89' lang='grc'><strong>41,</strong></span> <span class='ocrx_word' id='word_1_108' title='bbox 864 1814 964 1874; x_wconf 85' lang='lat' dir='ltr'><strong>antem,</strong></span> <span class='ocrx_word' id='word_1_109' title='bbox 979 1823 1082 1876; x_wconf 84' lang='lat' dir='ltr'><strong>ueram,</strong></span> <span class='ocrx_word' id='word_1_110' title='bbox 1097 1812 1183 1880; x_wconf 80' lang='grc'>4444.)</span> <span class='ocrx_word' id='word_1_111' title='bbox 1234 1795 1236 1800; x_wconf 64' lang='grc'><strong>’</strong></span> <span class='ocrx_word' id='word_1_112' title='bbox 1316 1889 1319 1892; x_wconf 20' lang='lat'><em>¹</em></span> 
     </span>
    </p>
   </div>
   <div class='ocr_carea' id='block_1_5' title="bbox 133 1973 1405 2188">
    <p class='ocr_par' dir='ltr' id='par_1_6' title="bbox 133 1973 1405 2188">
     <span class='ocr_line' id='line_1_12' title="bbox 176 1973 1404 2075; baseline 0 -19"><span class='ocrx_word' id='word_1_113' title='bbox 176 1990 210 2056; x_wconf 75' lang='grc' dir='ltr'><strong>4ο</strong></span> <span class='ocrx_word' id='word_1_114' title='bbox 224 1973 292 2054; x_wconf 82' lang='lat' dir='ltr'><strong>Sed</strong></span> <span class='ocrx_word' id='word_1_115' title='bbox 306 2007 362 2074; x_wconf 95' lang='lat' dir='ltr'><strong>pro</strong></span> <span class='ocrx_word' id='word_1_116' title='bbox 381 1998 492 2054; x_wconf 78' lang='lat' dir='ltr'><strong>atatem</strong></span> <span class='ocrx_word' id='word_1_117' title='bbox 503 1987 618 2074; x_wconf 73' lang='lat' dir='ltr'><strong>saepius</strong></span> <span class='ocrx_word' id='word_1_118' title='bbox 634 2008 652 2054; x_wconf 88' lang='lat' dir='ltr'><strong>a</strong></span> <span class='ocrx_word' id='word_1_119' title='bbox 668 1986 821 2053; x_wconf 85' lang='lat' dir='ltr'><strong>Sallustio</strong></span> <span class='ocrx_word' id='word_1_120' title='bbox 837 1986 927 2053; x_wconf 87' lang='lat' dir='ltr'><strong>initio</strong></span> <span class='ocrx_word' id='word_1_121' title='bbox 946 1987 1069 2073; x_wconf 89' lang='lat' dir='ltr'><strong>periodi</strong></span> <span class='ocrx_word' id='word_1_122' title='bbox 1085 1987 1229 2075; x_wconf 86' lang='lat' dir='ltr'><strong>ponitur,</strong></span> <span class='ocrx_word' id='word_1_123' title='bbox 1248 1999 1284 2056; x_wconf 92' lang='grc'><strong>41</strong></span> <span class='ocrx_word' id='word_1_124' title='bbox 1298 2009 1404 2056; x_wconf 85' lang='lat' dir='ltr'><strong>narre-</strong></span> 
     </span>
     <span class='ocr_line' id='line_1_13' title="bbox 133 2092 1405 2188; baseline 0.001 -27"><span class='ocrx_word' id='word_1_125' title='bbox 133 2096 228 2161; x_wconf 91' lang='lat' dir='ltr'><strong>tionis</strong></span> <span class='ocrx_word' id='word_1_126' title='bbox 258 2095 455 2161; x_wconf 74' lang='lat' dir='ltr'><strong>continuatio</strong></span> <span class='ocrx_word' id='word_1_127' title='bbox 478 2095 647 2172; x_wconf 78' lang='lat' dir='ltr'><strong>indicetur,</strong></span> <span class='ocrx_word' id='word_1_128' title='bbox 674 2095 800 2161; x_wconf 80' lang='grc'>41041.</span> <span class='ocrx_word' id='word_1_129' title='bbox 829 2094 883 2173; x_wconf 89' lang='grc'><strong>93,</strong></span> <span class='ocrx_word' id='word_1_130' title='bbox 916 2094 947 2188; x_wconf 87' lang='grc'>4,</span> <span class='ocrx_word' id='word_1_131' title='bbox 971 2092 1029 2160; x_wconf 86' lang='lat' dir='ltr'><strong>sed</strong></span> <span class='ocrx_word' id='word_1_132' title='bbox 1045 2093 1080 2160; x_wconf 81' lang='lat' dir='ltr'><strong>in</strong></span> <span class='ocrx_word' id='word_1_133' title='bbox 1103 2116 1142 2162; x_wconf 88' lang='lat' dir='ltr'><strong>ea</strong></span> <span class='ocrx_word' id='word_1_134' title='bbox 1175 2095 1405 2184; x_wconf 82' lang='lat' dir='ltr'><strong>conjuratione</strong></span> 
     </span>
    </p>
   </div>
   <div class='ocr_carea' id='block_1_6' title="bbox 23 2199 1402 2290">
    <p class='ocr_par' dir='ltr' id='par_1_7' title="bbox 23 2199 1402 2290">
     <span class='ocr_line' id='line_1_14' title="bbox 23 2199 1402 2290; baseline 0.004 -24"><span class='ocrx_word' id='word_1_135' title='bbox 23 2207 24 2282; x_wconf 76' lang='lat'>3</span> <span class='ocrx_word' id='word_1_136' title='bbox 131 2201 200 2290; x_wconf 79' lang='lat' dir='ltr'><strong>snit</strong></span> <span class='ocrx_word' id='word_1_137' title='bbox 216 2202 256 2282; x_wconf 88' lang='lat' dir='ltr'><strong>Q.</strong></span> <span class='ocrx_word' id='word_1_138' title='bbox 274 2199 413 2280; x_wconf 57' lang='lat' dir='ltr'><strong>Cetrium</strong></span> <span class='ocrx_word' id='word_1_139' title='bbox 437 2201 490 2285; x_wconf 90' lang='grc'>(41.</span> <span class='ocrx_word' id='word_1_140' title='bbox 508 2202 542 2267; x_wconf 84' lang='lat' dir='ltr'><strong>C.</strong></span> <span class='ocrx_word' id='word_1_141' title='bbox 565 2201 597 2280; x_wconf 85' lang='lat'><strong>3,</strong></span> <span class='ocrx_word' id='word_1_142' title='bbox 615 2201 652 2280; x_wconf 83' lang='lat'><strong>33</strong></span> <span class='ocrx_word' id='word_1_143' title='bbox 670 2202 703 2280; x_wconf 89' lang='grc'><strong>7,</strong></span> <span class='ocrx_word' id='word_1_144' title='bbox 722 2203 758 2280; x_wconf 90' lang='grc'><strong>4;</strong></span> <span class='ocrx_word' id='word_1_145' title='bbox 776 2201 828 2277; x_wconf 85' lang='grc'><strong>16,</strong></span> <span class='ocrx_word' id='word_1_146' title='bbox 850 2207 886 2282; x_wconf 90' lang='grc'><strong>1;</strong></span> <span class='ocrx_word' id='word_1_147' title='bbox 909 2201 963 2280; x_wconf 89' lang='grc'><strong>95,</strong></span> <span class='ocrx_word' id='word_1_148' title='bbox 985 2201 1091 2280; x_wconf 90' lang='grc'>4;36,</span> <span class='ocrx_word' id='word_1_149' title='bbox 1110 2203 1146 2280; x_wconf 87' lang='grc'><strong>1;</strong></span> <span class='ocrx_word' id='word_1_150' title='bbox 1164 2203 1218 2282; x_wconf 89' lang='grc'><strong>44,</strong></span> <span class='ocrx_word' id='word_1_151' title='bbox 1237 2204 1348 2283; x_wconf 88' lang='grc'>1;49,</span> <span class='ocrx_word' id='word_1_152' title='bbox 1367 2205 1402 2284; x_wconf 90' lang='grc'><strong>1;</strong></span> 
     </span>
    </p>
   </div>
   <div class='ocr_carea' id='block_1_7' title="bbox 85 2307 1407 2820">
    <p class='ocr_par' dir='ltr' id='par_1_8' title="bbox 135 2307 1181 2392">
     <span class='ocr_line' id='line_1_15' title="bbox 135 2307 1181 2392; baseline 0.001 -18"><span class='ocrx_word' id='word_1_153' title='bbox 135 2311 188 2389; x_wconf 91' lang='grc'><strong>53,</strong></span> <span class='ocrx_word' id='word_1_154' title='bbox 206 2311 245 2390; x_wconf 91' lang='grc'><strong>9;</strong></span> <span class='ocrx_word' id='word_1_155' title='bbox 263 2308 317 2386; x_wconf 90' lang='grc'><strong>60,</strong></span> <span class='ocrx_word' id='word_1_156' title='bbox 336 2309 370 2384; x_wconf 94' lang='grc'><strong>1;</strong></span> <span class='ocrx_word' id='word_1_157' title='bbox 394 2307 449 2388; x_wconf 92' lang='grc'>64,</span> <span class='ocrx_word' id='word_1_158' title='bbox 473 2310 508 2386; x_wconf 92' lang='grc'><strong>1;</strong></span> <span class='ocrx_word' id='word_1_159' title='bbox 530 2309 600 2392; x_wconf 87' lang='lat' dir='ltr'><strong>Jug.</strong></span> <span class='ocrx_word' id='word_1_160' title='bbox 624 2308 678 2382; x_wconf 89' lang='grc'><strong>39,</strong></span> <span class='ocrx_word' id='word_1_161' title='bbox 697 2308 733 2384; x_wconf 89' lang='grc'><strong>4;</strong></span> <span class='ocrx_word' id='word_1_162' title='bbox 751 2309 805 2385; x_wconf 92' lang='grc'><strong>44,</strong></span> <span class='ocrx_word' id='word_1_163' title='bbox 824 2309 859 2386; x_wconf 94' lang='grc'><strong>1;</strong></span> <span class='ocrx_word' id='word_1_164' title='bbox 882 2309 937 2387; x_wconf 90' lang='grc'><strong>77,</strong></span> <span class='ocrx_word' id='word_1_165' title='bbox 956 2308 993 2384; x_wconf 87' lang='grc'><strong>1;</strong></span> <span class='ocrx_word' id='word_1_166' title='bbox 1014 2309 1068 2386; x_wconf 88' lang='grc'><strong>78,</strong></span> <span class='ocrx_word' id='word_1_167' title='bbox 1088 2309 1100 2374; x_wconf 95' lang='grc'><strong>1</strong></span> <span class='ocrx_word' id='word_1_168' title='bbox 1122 2318 1181 2375; x_wconf 89' lang='lat' dir='ltr'><strong>ete.</strong></span> 
     </span>
    </p>

    <p class='ocr_par' dir='ltr' id='par_1_9' title="bbox 85 2413 1407 2820">
     <span class='ocr_line' id='line_1_16' title="bbox 175 2413 828 2500; baseline -0.005 -18"><span class='ocrx_word' id='word_1_169' title='bbox 175 2417 264 2483; x_wconf 84' lang='lat' dir='ltr'><strong>Mero</strong></span> <span class='ocrx_word' id='word_1_170' title='bbox 285 2414 431 2480; x_wconf 85' lang='lat' dir='ltr'><strong>transitio</strong></span> <span class='ocrx_word' id='word_1_171' title='bbox 451 2413 649 2500; x_wconf 80' lang='lat' dir='ltr'><strong>significetur</strong></span> <span class='ocrx_word' id='word_1_172' title='bbox 664 2415 692 2480; x_wconf 85' lang='grc'><strong>4.</strong></span> <span class='ocrx_word' id='word_1_173' title='bbox 707 2415 762 2491; x_wconf 93' lang='grc'><strong>49,</strong></span> <span class='ocrx_word' id='word_1_174' title='bbox 781 2415 828 2479; x_wconf 81' lang='grc'><strong>5.</strong></span> 
     </span>
     <span class='ocr_line' id='line_1_17' title="bbox 85 2517 1406 2607; baseline 0.002 -20"><span class='ocrx_word' id='word_1_175' title='bbox 85 2535 88 2540; x_wconf 86' lang='grc'><em>·</em></span> <span class='ocrx_word' id='word_1_176' title='bbox 176 2523 252 2588; x_wconf 87' lang='lat' dir='ltr'><strong>Post</strong></span> <span class='ocrx_word' id='word_1_177' title='bbox 265 2542 332 2586; x_wconf 88' lang='lat' dir='ltr'><strong>non</strong></span> <span class='ocrx_word' id='word_1_178' title='bbox 345 2520 451 2586; x_wconf 88' lang='lat' dir='ltr'><strong>solam</strong></span> <span class='ocrx_word' id='word_1_179' title='bbox 471 2521 533 2604; x_wconf 88' lang='lat' dir='ltr'><strong>(vel</strong></span> <span class='ocrx_word' id='word_1_180' title='bbox 548 2541 613 2586; x_wconf 86' lang='lat' dir='ltr'><strong>non</strong></span> <span class='ocrx_word' id='word_1_181' title='bbox 634 2517 758 2605; x_wconf 85' lang='lat' dir='ltr'><strong>modo),</strong></span> <span class='ocrx_word' id='word_1_182' title='bbox 782 2518 841 2586; x_wconf 79' lang='lat' dir='ltr'><strong>sed</strong></span> <span class='ocrx_word' id='word_1_183' title='bbox 858 2517 943 2607; x_wconf 85' lang='lat' dir='ltr'><strong>apud</strong></span> <span class='ocrx_word' id='word_1_184' title='bbox 966 2520 1155 2588; x_wconf 79' lang='lat' dir='ltr'><strong>Sallustium</strong></span> <span class='ocrx_word' id='word_1_185' title='bbox 1178 2523 1314 2591; x_wconf 82' lang='lat' dir='ltr'><strong>occurrit</strong></span> <span class='ocrx_word' id='word_1_186' title='bbox 1337 2525 1406 2592; x_wconf 91' lang='lat' dir='ltr'><strong>sine</strong></span> 
     </span>
     <span class='ocr_line' id='line_1_18' title="bbox 136 2623 1405 2720; baseline 0.002 -26"><span class='ocrx_word' id='word_1_187' title='bbox 136 2627 294 2714; x_wconf 84' lang='lat' dir='ltr'><strong>particule</strong></span> <span class='ocrx_word' id='word_1_188' title='bbox 314 2627 413 2693; x_wconf 81' lang='lat' dir='ltr'><strong>etiarn</strong></span> <span class='ocrx_word' id='word_1_189' title='bbox 439 2651 447 2694; x_wconf 94' lang='lat'><strong>:</strong></span> <span class='ocrx_word' id='word_1_190' title='bbox 470 2627 538 2694; x_wconf 84' lang='lat' dir='ltr'><strong>Cat.</strong></span> <span class='ocrx_word' id='word_1_191' title='bbox 558 2626 610 2704; x_wconf 87' lang='grc'>18,</span> <span class='ocrx_word' id='word_1_192' title='bbox 632 2628 665 2706; x_wconf 90' lang='grc'><strong>7,</strong></span> <span class='ocrx_word' id='word_1_193' title='bbox 684 2649 750 2692; x_wconf 85' lang='lat' dir='ltr'><strong>non</strong></span> <span class='ocrx_word' id='word_1_194' title='bbox 769 2623 957 2693; x_wconf 82' lang='lat' dir='ltr'><strong>oonsulibus</strong></span> <span class='ocrx_word' id='word_1_195' title='bbox 970 2625 1088 2708; x_wconf 59' lang='lat' dir='ltr'><strong>modo.</strong></span> <span class='ocrx_word' id='word_1_196' title='bbox 1101 2625 1159 2695; x_wconf 84' lang='lat' dir='ltr'><strong>sed</strong></span> <span class='ocrx_word' id='word_1_197' title='bbox 1168 2627 1341 2720; x_wconf 79' lang='lat' dir='ltr'><strong>plerisque</strong></span> <span class='ocrx_word' id='word_1_198' title='bbox 1356 2652 1405 2698; x_wconf 86' lang='grc'><strong>44-</strong></span> 
     </span>
     <span class='ocr_line' id='line_1_19' title="bbox 134 2731 1407 2820; baseline 0.002 -22"><span class='ocrx_word' id='word_1_199' title='bbox 134 2731 306 2800; x_wconf 82' lang='lat' dir='ltr'><strong>autoribus</strong></span> <span class='ocrx_word' id='word_1_200' title='bbox 326 2734 379 2816; x_wconf 87' lang='grc'>(41.</span> <span class='ocrx_word' id='word_1_201' title='bbox 401 2736 439 2800; x_wconf 88' lang='lat' dir='ltr'><strong>H.</strong></span> <span class='ocrx_word' id='word_1_202' title='bbox 461 2755 494 2814; x_wconf 89' lang='grc'><strong>4,</strong></span> <span class='ocrx_word' id='word_1_203' title='bbox 512 2734 567 2810; x_wconf 91' lang='grc'><strong>99,</strong></span> <span class='ocrx_word' id='word_1_204' title='bbox 581 2733 634 2817; x_wconf 83' lang='grc'><strong>4);</strong></span> <span class='ocrx_word' id='word_1_205' title='bbox 657 2735 725 2800; x_wconf 86' lang='lat' dir='ltr'><strong>Cat.</strong></span> <span class='ocrx_word' id='word_1_206' title='bbox 744 2734 798 2812; x_wconf 91' lang='grc'><strong>37,</strong></span> <span class='ocrx_word' id='word_1_207' title='bbox 819 2734 850 2810; x_wconf 90' lang='grc'><strong>1,</strong></span> <span class='ocrx_word' id='word_1_208' title='bbox 866 2751 971 2820; x_wconf 79' lang='lat' dir='ltr'><strong>napae</strong></span> <span class='ocrx_word' id='word_1_209' title='bbox 983 2733 1091 2802; x_wconf 85' lang='lat' dir='ltr'><strong>solnm</strong></span> <span class='ocrx_word' id='word_1_210' title='bbox 1107 2733 1173 2801; x_wconf 82' lang='lat' dir='ltr'><strong>a&#39;lla&#39;s</strong></span> <span class='ocrx_word' id='word_1_211' title='bbox 1191 2733 1302 2802; x_wconf 84' lang='lat' dir='ltr'><strong>aliana</strong></span> <span class='ocrx_word' id='word_1_212' title='bbox 1316 2757 1407 2803; x_wconf 75' lang='lat' dir='ltr'><strong>meets</strong></span> 
     </span>
    </p>
   </div>
   <div class='ocr_carea' id='block_1_8' title="bbox 134 2827 1525 2933">
    <p class='ocr_par' dir='ltr' id='par_1_10' title="bbox 134 2827 1525 2933">
     <span class='ocr_line' id='line_1_20' title="bbox 134 2827 1525 2933; baseline 0.003 -26"><span class='ocrx_word' id='word_1_213' title='bbox 134 2839 294 2930; x_wconf 82' lang='lat' dir='ltr'><strong>erat,an</strong></span> <span class='ocrx_word' id='word_1_214' title='bbox 311 2839 433 2906; x_wconf 82' lang='lat' dir='ltr'><strong>conscii</strong></span> <span class='ocrx_word' id='word_1_215' title='bbox 449 2839 688 2928; x_wconf 68' lang='lat' dir='ltr'><strong>constitutionis</strong></span> <span class='ocrx_word' id='word_1_216' title='bbox 705 2839 860 2929; x_wconf 74' lang='lat' dir='ltr'><strong>saerant3</strong></span> <span class='ocrx_word' id='word_1_217' title='bbox 884 2840 938 2907; x_wconf 81' lang='lat' dir='ltr'><strong>sed</strong></span> <span class='ocrx_word' id='word_1_218' title='bbox 957 2842 1087 2908; x_wconf 82' lang='lat' dir='ltr'><strong>omnino</strong></span> <span class='ocrx_word' id='word_1_219' title='bbox 1105 2829 1221 2908; x_wconf 84' lang='lat' dir='ltr'><strong>cuncta</strong></span> <span class='ocrx_word' id='word_1_220' title='bbox 1233 2841 1351 2933; x_wconf 79' lang='lat' dir='ltr'><strong>plebes</strong></span> <span class='ocrx_word' id='word_1_221' title='bbox 1364 2827 1426 2894; x_wconf 47' lang='lat'><strong>-‘</strong></span> <span class='ocrx_word' id='word_1_222' title='bbox 1522 2904 1525 2911; x_wconf 67' lang='lat'><strong>.</strong></span> 
     </span>
    </p>
   </div>
   <div class='ocr_carea' id='block_1_9' title="bbox 135 2944 1416 3782">
    <p class='ocr_par' dir='ltr' id='par_1_11' title="bbox 135 2944 1416 3676">
     <span class='ocr_line' id='line_1_21' title="bbox 136 2944 1416 3038; baseline 0.004 -24"><span class='ocrx_word' id='word_1_223' title='bbox 136 2947 290 3014; x_wconf 72' lang='lat' dir='ltr'><strong>Catilina</strong></span> <span class='ocrx_word' id='word_1_224' title='bbox 304 2946 433 3036; x_wconf 80' lang='lat' dir='ltr'><strong>incepta</strong></span> <span class='ocrx_word' id='word_1_225' title='bbox 440 2944 612 3036; x_wconf 79' lang='lat' dir='ltr'><em>probabat</em></span> <span class='ocrx_word' id='word_1_226' title='bbox 630 2948 684 3030; x_wconf 83' lang='lat' dir='ltr'><strong>(ui.</strong></span> <span class='ocrx_word' id='word_1_227' title='bbox 704 2947 816 3031; x_wconf 85' lang='grc'>39,.6).</span> <span class='ocrx_word' id='word_1_228' title='bbox 827 2947 915 3013; x_wconf 73' lang='lat' dir='ltr'><strong>,lude</strong></span> <span class='ocrx_word' id='word_1_229' title='bbox 927 2948 965 3013; x_wconf 92' lang='lat' dir='ltr'><strong>H.</strong></span> <span class='ocrx_word' id='word_1_230' title='bbox 979 2947 1045 3018; x_wconf 85' lang='lat' dir='ltr'><strong>ino.</strong></span> <span class='ocrx_word' id='word_1_231' title='bbox 1064 2949 1119 3028; x_wconf 88' lang='grc'><strong>96,</strong></span> <span class='ocrx_word' id='word_1_232' title='bbox 1136 2971 1202 3015; x_wconf 88' lang='lat' dir='ltr'><strong>non</strong></span> <span class='ocrx_word' id='word_1_233' title='bbox 1216 2971 1416 3038; x_wconf 75' lang='lat' dir='ltr'><strong>repnpnan-.</strong></span> 
     </span>
     <span class='ocr_line' id='line_1_22' title="bbox 136 3049 1408 3140; baseline 0.001 -19"><span class='ocrx_word' id='word_1_234' title='bbox 136 3051 348 3136; x_wconf 79' lang='lat' dir='ltr'><strong>ttoosmoao,</strong></span> <span class='ocrx_word' id='word_1_235' title='bbox 365 3054 474 3119; x_wconf 90' lang='lat' dir='ltr'><strong>sedne</strong></span> <span class='ocrx_word' id='word_1_236' title='bbox 493 3049 611 3118; x_wconf 76' lang='lat' dir='ltr'><strong>deuius</strong></span> <span class='ocrx_word' id='word_1_237' title='bbox 630 3053 771 3140; x_wconf 88' lang='lat' dir='ltr'><strong>quidem.</strong></span> <span class='ocrx_word' id='word_1_238' title='bbox 797 3055 842 3122; x_wconf 89' lang='lat' dir='ltr'><strong>De</strong></span> <span class='ocrx_word' id='word_1_239' title='bbox 870 3075 935 3140; x_wconf 85' lang='lat' dir='ltr'><strong>qua</strong></span> <span class='ocrx_word' id='word_1_240' title='bbox 961 3055 1195 3122; x_wconf 84' lang='lat' dir='ltr'><strong>constructione</strong></span> <span class='ocrx_word' id='word_1_241' title='bbox 1213 3058 1352 3124; x_wconf 84' lang='lat' dir='ltr'><strong>Kritzius</strong></span> <span class='ocrx_word' id='word_1_242' title='bbox 1369 3057 1408 3122; x_wconf 85' lang='lat' dir='ltr'><strong>ud</strong></span> 
     </span>
     <span class='ocr_line' id='line_1_23' title="bbox 135 3159 1411 3239; baseline -0.001 -9"><span class='ocrx_word' id='word_1_243' title='bbox 135 3163 202 3230; x_wconf 83' lang='lat' dir='ltr'><strong>Cot.</strong></span> <span class='ocrx_word' id='word_1_244' title='bbox 228 3163 282 3239; x_wconf 88' lang='grc'><strong>18,</strong></span> <span class='ocrx_word' id='word_1_245' title='bbox 299 3161 318 3226; x_wconf 94' lang='grc'>7</span> <span class='ocrx_word' id='word_1_246' title='bbox 339 3162 406 3228; x_wconf 85' lang='lat' dir='ltr'><strong>haee</strong></span> <span class='ocrx_word' id='word_1_247' title='bbox 426 3159 496 3234; x_wconf 82' lang='lat' dir='ltr'><strong>ait:</strong></span> <span class='ocrx_word' id='word_1_248' title='bbox 523 3188 534 3220; x_wconf 83' lang='grc' dir='ltr'>ι</span> <span class='ocrx_word' id='word_1_249' title='bbox 560 3160 693 3226; x_wconf 84' lang='lat' dir='ltr'><strong>Bouiani</strong></span> <span class='ocrx_word' id='word_1_250' title='bbox 709 3160 755 3226; x_wconf 88' lang='lat' dir='ltr'><strong>itu</strong></span> <span class='ocrx_word' id='word_1_251' title='bbox 775 3181 834 3227; x_wconf 90' lang='lat' dir='ltr'><strong>usu</strong></span> <span class='ocrx_word' id='word_1_252' title='bbox 849 3161 1064 3229; x_wconf 79' lang='lat' dir='ltr'><strong>distinxerunt</strong></span> <span class='ocrx_word' id='word_1_253' title='bbox 1085 3163 1167 3229; x_wconf 86' lang='lat' dir='ltr'><strong>inter</strong></span> <span class='ocrx_word' id='word_1_254' title='bbox 1190 3160 1248 3230; x_wconf 83' lang='lat' dir='ltr'><strong>sed</strong></span> <span class='ocrx_word' id='word_1_255' title='bbox 1265 3163 1364 3231; x_wconf 81' lang='lat' dir='ltr'><strong>etiam</strong></span> <span class='ocrx_word' id='word_1_256' title='bbox 1380 3174 1411 3230; x_wconf 90' lang='lat' dir='ltr'><strong>et</strong></span> 
     </span>
     <span class='ocr_line' id='line_1_24' title="bbox 136 3264 1408 3356; baseline 0.004 -24"><span class='ocrx_word' id='word_1_257' title='bbox 136 3264 352 3355; x_wconf 81' lang='lat' dir='ltr'><strong>simplexsod,</strong></span> <span class='ocrx_word' id='word_1_258' title='bbox 378 3277 414 3333; x_wconf 89' lang='lat' dir='ltr'><strong>ut</strong></span> <span class='ocrx_word' id='word_1_259' title='bbox 443 3267 525 3334; x_wconf 88' lang='lat' dir='ltr'><strong>illud</strong></span> <span class='ocrx_word' id='word_1_260' title='bbox 549 3277 714 3353; x_wconf 80' lang='lat' dir='ltr'><strong>ponerent,</strong></span> <span class='ocrx_word' id='word_1_261' title='bbox 748 3266 773 3331; x_wconf 89' lang='lat' dir='ltr'><strong>si</strong></span> <span class='ocrx_word' id='word_1_262' title='bbox 803 3276 975 3353; x_wconf 91' lang='lat' dir='ltr'><strong>utrumque</strong></span> <span class='ocrx_word' id='word_1_263' title='bbox 995 3269 1174 3336; x_wconf 81' lang='lat' dir='ltr'><strong>membrum</strong></span> <span class='ocrx_word' id='word_1_264' title='bbox 1208 3269 1276 3356; x_wconf 87' lang='lat' dir='ltr'><strong>puri</strong></span> <span class='ocrx_word' id='word_1_265' title='bbox 1297 3291 1363 3345; x_wconf 85' lang='lat' dir='ltr'><strong>esse</strong></span> <span class='ocrx_word' id='word_1_266' title='bbox 1379 3272 1408 3337; x_wconf 85' lang='lat' dir='ltr'><strong>vi</strong></span> 
     </span>
     <span class='ocr_line' id='line_1_25' title="bbox 136 3373 1408 3462; baseline 0.002 -22"><span class='ocrx_word' id='word_1_267' title='bbox 136 3376 270 3454; x_wconf 87' lang='lat' dir='ltr'><strong>vellent,</strong></span> <span class='ocrx_word' id='word_1_268' title='bbox 291 3375 360 3454; x_wconf 89' lang='lat' dir='ltr'><strong>hoo,</strong></span> <span class='ocrx_word' id='word_1_269' title='bbox 378 3375 403 3440; x_wconf 91' lang='lat' dir='ltr'><strong>si</strong></span> <span class='ocrx_word' id='word_1_270' title='bbox 431 3374 596 3460; x_wconf 87' lang='lat' dir='ltr'><strong>posteriori</strong></span> <span class='ocrx_word' id='word_1_271' title='bbox 625 3373 767 3440; x_wconf 88' lang='lat' dir='ltr'><strong>membro</strong></span> <span class='ocrx_word' id='word_1_272' title='bbox 786 3375 939 3460; x_wconf 84' lang='lat' dir='ltr'><strong>majorem</strong></span> <span class='ocrx_word' id='word_1_273' title='bbox 953 3376 1116 3462; x_wconf 87' lang='lat' dir='ltr'><strong>quandam</strong></span> <span class='ocrx_word' id='word_1_274' title='bbox 1135 3375 1200 3442; x_wconf 88' lang='lat' dir='ltr'><strong>vim</strong></span> <span class='ocrx_word' id='word_1_275' title='bbox 1220 3377 1408 3462; x_wconf 84' lang='lat' dir='ltr'><strong>tribuerent,</strong></span> 
     </span>
     <span class='ocr_line' id='line_1_26' title="bbox 138 3481 1411 3568; baseline 0.002 -21"><span class='ocrx_word' id='word_1_276' title='bbox 138 3482 181 3548; x_wconf 90' lang='grc'><strong>414</strong></span> <span class='ocrx_word' id='word_1_277' title='bbox 196 3492 233 3550; x_wconf 88' lang='grc'><strong>41</strong></span> <span class='ocrx_word' id='word_1_278' title='bbox 245 3483 428 3568; x_wconf 82' lang='lat' dir='ltr'><strong>preeultero</strong></span> <span class='ocrx_word' id='word_1_279' title='bbox 443 3481 534 3566; x_wconf 89' lang='lat' dir='ltr'><strong>quusi</strong></span> <span class='ocrx_word' id='word_1_280' title='bbox 565 3481 735 3558; x_wconf 86' lang='lat' dir='ltr'><strong>emineret;</strong></span> <span class='ocrx_word' id='word_1_281' title='bbox 757 3481 815 3547; x_wconf 86' lang='lat' dir='ltr'><strong>hoa</strong></span> <span class='ocrx_word' id='word_1_282' title='bbox 846 3496 953 3548; x_wconf 85' lang='lat' dir='ltr'><strong>aulem</strong></span> <span class='ocrx_word' id='word_1_283' title='bbox 969 3481 1125 3568; x_wconf 81' lang='lat' dir='ltr'><strong>imprimis</strong></span> <span class='ocrx_word' id='word_1_284' title='bbox 1141 3482 1248 3560; x_wconf 85' lang='lat' dir='ltr'><strong>fiebat,</strong></span> <span class='ocrx_word' id='word_1_285' title='bbox 1271 3484 1296 3550; x_wconf 91' lang='lat' dir='ltr'><strong>si</strong></span> <span class='ocrx_word' id='word_1_286' title='bbox 1314 3483 1411 3552; x_wconf 89' lang='lat' dir='ltr'><strong>latius</strong></span> 
     </span>
     <span class='ocr_line' id='line_1_27' title="bbox 138 3587 1192 3676; baseline -0.005 -21"><span class='ocrx_word' id='word_1_287' title='bbox 138 3600 259 3676; x_wconf 86' lang='lat' dir='ltr'><strong>peteret</strong></span> <span class='ocrx_word' id='word_1_288' title='bbox 279 3609 376 3676; x_wconf 88' lang='lat' dir='ltr'><strong>quom</strong></span> <span class='ocrx_word' id='word_1_289' title='bbox 391 3599 619 3676; x_wconf 81' lang='lat' dir='ltr'><strong>antegressum,</strong></span> <span class='ocrx_word' id='word_1_290' title='bbox 639 3587 734 3673; x_wconf 89' lang='lat' dir='ltr'><strong>idque</strong></span> <span class='ocrx_word' id='word_1_291' title='bbox 755 3609 790 3654; x_wconf 94' lang='lat' dir='ltr'><strong>eo</strong></span> <span class='ocrx_word' id='word_1_292' title='bbox 810 3589 1040 3655; x_wconf 80' lang='lat' dir='ltr'><strong>contineretur.</strong></span> <span class='ocrx_word' id='word_1_293' title='bbox 1067 3617 1121 3655; x_wconf 81' lang='lat' dir='ltr'><strong>t..</strong></span> <span class='ocrx_word' id='word_1_294' title='bbox 1191 3639 1192 3642; x_wconf 43' lang='grc'>.</span> 
     </span>
    </p>

    <p class='ocr_par' dir='ltr' id='par_1_12' title="bbox 179 3692 1409 3782">
     <span class='ocr_line' id='line_1_28' title="bbox 179 3692 1409 3782; baseline 0.003 -20"><span class='ocrx_word' id='word_1_295' title='bbox 179 3697 253 3762; x_wconf 88' lang='lat' dir='ltr'><strong>Post</strong></span> <span class='ocrx_word' id='word_1_296' title='bbox 275 3716 343 3761; x_wconf 86' lang='lat' dir='ltr'><strong>nan</strong></span> <span class='ocrx_word' id='word_1_297' title='bbox 363 3693 474 3778; x_wconf 81' lang='lat' dir='ltr'><strong>modu,</strong></span> <span class='ocrx_word' id='word_1_298' title='bbox 500 3715 555 3782; x_wconf 86' lang='lat' dir='ltr'><strong>pro</strong></span> <span class='ocrx_word' id='word_1_299' title='bbox 575 3692 634 3761; x_wconf 85' lang='lat' dir='ltr'><strong>sad</strong></span> <span class='ocrx_word' id='word_1_300' title='bbox 660 3693 773 3777; x_wconf 79' lang='lat' dir='ltr'><strong>etiam,</strong></span> <span class='ocrx_word' id='word_1_301' title='bbox 795 3715 909 3764; x_wconf 84' lang='lat' dir='ltr'><strong>ueram</strong></span> <span class='ocrx_word' id='word_1_302' title='bbox 936 3694 1036 3762; x_wconf 80' lang='lat' dir='ltr'><strong>etiarn</strong></span> <span class='ocrx_word' id='word_1_303' title='bbox 1057 3695 1220 3764; x_wconf 87' lang='lat' dir='ltr'><strong>iuvenitur</strong></span> <span class='ocrx_word' id='word_1_304' title='bbox 1233 3698 1261 3764; x_wconf 89' lang='lat' dir='ltr'><strong>J.</strong></span> <span class='ocrx_word' id='word_1_305' title='bbox 1279 3699 1336 3780; x_wconf 91' lang='grc'><strong>89,</strong></span> <span class='ocrx_word' id='word_1_306' title='bbox 1373 3701 1391 3766; x_wconf 96' lang='grc'><strong>4</strong></span> <span class='ocrx_word' id='word_1_307' title='bbox 1399 3722 1409 3780; x_wconf 89' lang='grc'><strong>;</strong></span> 
     </span>
    </p>
   </div>
   <div class='ocr_carea' id='block_1_10' title="bbox 23 3803 409 3888">
    <p class='ocr_par' dir='ltr' id='par_1_13' title="bbox 23 3803 409 3888">
     <span class='ocr_line' id='line_1_29' title="bbox 23 3803 409 3888; baseline 0 -20"><span class='ocrx_word' id='word_1_308' title='bbox 23 3809 24 3888; x_wconf 67' lang='lat' dir='ltr'>f</span> <span class='ocrx_word' id='word_1_309' title='bbox 138 3803 338 3884; x_wconf 84' lang='lat' dir='ltr'><strong>H.111‚l,9.</strong></span> <span class='ocrx_word' id='word_1_310' title='bbox 406 3851 409 3857; x_wconf 80' lang='lat'><em>-</em></span> 
     </span>
    </p>
   </div>
   <div class='ocr_carea' id='block_1_11' title="bbox 139 3907 1414 4851">
    <p class='ocr_par' dir='ltr' id='par_1_14' title="bbox 139 3907 1414 4851">
     <span class='ocr_line' id='line_1_30' title="bbox 182 3907 1412 3998; baseline 0.002 -23"><span class='ocrx_word' id='word_1_311' title='bbox 182 3911 215 3975; x_wconf 81' lang='grc' dir='ltr'><strong>9ο</strong></span> <span class='ocrx_word' id='word_1_312' title='bbox 239 3910 295 3989; x_wconf 82' lang='lat' dir='ltr'><strong>At,</strong></span> <span class='ocrx_word' id='word_1_313' title='bbox 308 3909 400 3995; x_wconf 83' lang='lat' dir='ltr'><strong>cujus</strong></span> <span class='ocrx_word' id='word_1_314' title='bbox 413 3908 516 3995; x_wconf 87' lang='lat' dir='ltr'><strong>prisce</strong></span> <span class='ocrx_word' id='word_1_315' title='bbox 527 3909 629 3974; x_wconf 84' lang='lat' dir='ltr'><strong>forme</strong></span> <span class='ocrx_word' id='word_1_316' title='bbox 640 3907 787 3996; x_wconf 86' lang='lat' dir='ltr'><strong>astepud</strong></span> <span class='ocrx_word' id='word_1_317' title='bbox 798 3909 987 3976; x_wconf 85' lang='lat' dir='ltr'><strong>Sallustium</strong></span> <span class='ocrx_word' id='word_1_318' title='bbox 998 3929 1061 3978; x_wconf 91' lang='lat' dir='ltr'><strong>nou</strong></span> <span class='ocrx_word' id='word_1_319' title='bbox 1073 3911 1246 3994; x_wconf 88' lang='lat' dir='ltr'><strong>invenitur,</strong></span> <span class='ocrx_word' id='word_1_320' title='bbox 1260 3911 1359 3998; x_wconf 89' lang='lat' dir='ltr'><strong>priori</strong></span> <span class='ocrx_word' id='word_1_321' title='bbox 1373 3913 1412 3979; x_wconf 92' lang='lat' dir='ltr'><strong>si·</strong></span> 
     </span>
     <span class='ocr_line' id='line_1_31' title="bbox 139 4015 1410 4104; baseline 0.002 -21"><span class='ocrx_word' id='word_1_322' title='bbox 139 4016 355 4102; x_wconf 67' lang='lat' dir='ltr'><strong>gnifiuetiona</strong></span> <span class='ocrx_word' id='word_1_323' title='bbox 373 4027 409 4081; x_wconf 91' lang='lat' dir='ltr'><strong>ut</strong></span> <span class='ocrx_word' id='word_1_324' title='bbox 432 4016 517 4101; x_wconf 86' lang='lat' dir='ltr'><strong>apud</strong></span> <span class='ocrx_word' id='word_1_325' title='bbox 540 4015 733 4094; x_wconf 77' lang='lat' dir='ltr'><strong>Lucretium,</strong></span> <span class='ocrx_word' id='word_1_326' title='bbox 763 4016 982 4102; x_wconf 83' lang='lat' dir='ltr'><strong>gravissimam</strong></span> <span class='ocrx_word' id='word_1_327' title='bbox 1005 4015 1239 4104; x_wconf 89' lang='lat' dir='ltr'><strong>oppositionem</strong></span> <span class='ocrx_word' id='word_1_328' title='bbox 1259 4019 1410 4086; x_wconf 84' lang='lat' dir='ltr'><strong>indicet:</strong></span> 
     </span>
     <span class='ocr_line' id='line_1_32' title="bbox 140 4119 1411 4214; baseline 0.003 -26"><span class='ocrx_word' id='word_1_329' title='bbox 140 4125 215 4189; x_wconf 80' lang='lat' dir='ltr'><strong>Cat:</strong></span> <span class='ocrx_word' id='word_1_330' title='bbox 228 4124 281 4202; x_wconf 89' lang='grc'><strong>19,</strong></span> <span class='ocrx_word' id='word_1_331' title='bbox 298 4125 330 4204; x_wconf 91' lang='grc'><strong>5,</strong></span> <span class='ocrx_word' id='word_1_332' title='bbox 348 4144 463 4189; x_wconf 84' lang='lat' dir='ltr'><strong>aarum</strong></span> <span class='ocrx_word' id='word_1_333' title='bbox 481 4121 533 4188; x_wconf 81' lang='lat' dir='ltr'><strong>illi</strong></span> <span class='ocrx_word' id='word_1_334' title='bbox 549 4157 595 4174; x_wconf 89' lang='lat'><strong>-·</strong></span> <span class='ocrx_word' id='word_1_335' title='bbox 608 4119 820 4202; x_wconf 78' lang='lat' dir='ltr'><strong>decorabant,</strong></span> <span class='ocrx_word' id='word_1_336' title='bbox 841 4143 946 4210; x_wconf 82' lang='lat' dir='ltr'><strong>nepae</strong></span> <span class='ocrx_word' id='word_1_337' title='bbox 962 4159 1009 4174; x_wconf 90' lang='lat'>-</span> <span class='ocrx_word' id='word_1_338' title='bbox 1022 4121 1219 4214; x_wconf 79' lang='lat' dir='ltr'><strong>eripiebant.</strong></span> <span class='ocrx_word' id='word_1_339' title='bbox 1236 4125 1411 4194; x_wconf 75' lang='grc'>411144414-</span> 
     </span>
     <span class='ocr_line' id='line_1_33' title="bbox 141 4227 1411 4318; baseline 0.006 -25"><span class='ocrx_word' id='word_1_340' title='bbox 141 4241 192 4295; x_wconf 83' lang='lat' dir='ltr'><strong>tra</strong></span> <span class='ocrx_word' id='word_1_341' title='bbox 207 4227 425 4318; x_wconf 79' lang='lat' dir='ltr'><strong>ipnavissuma&#39;</strong></span> <span class='ocrx_word' id='word_1_342' title='bbox 437 4227 602 4306; x_wconf 59' lang='lat' dir='ltr'><strong>bominem</strong></span> <span class='ocrx_word' id='word_1_343' title='bbox 616 4228 644 4294; x_wconf 89' lang='lat' dir='ltr'><strong>J.</strong></span> <span class='ocrx_word' id='word_1_344' title='bbox 663 4230 694 4310; x_wconf 92' lang='grc'><strong>4,</strong></span> <span class='ocrx_word' id='word_1_345' title='bbox 709 4229 741 4308; x_wconf 92' lang='grc'><strong>7,</strong></span> <span class='ocrx_word' id='word_1_346' title='bbox 759 4240 794 4294; x_wconf 92' lang='grc'><strong>41</strong></span> <span class='ocrx_word' id='word_1_347' title='bbox 806 4241 921 4296; x_wconf 78' lang='grc'>4414144</span> <span class='ocrx_word' id='word_1_348' title='bbox 931 4229 1005 4318; x_wconf 83' lang='lat' dir='ltr'><strong>quis</strong></span> <span class='ocrx_word' id='word_1_349' title='bbox 1019 4241 1067 4296; x_wconf 89' lang='grc'><strong>441</strong></span> <span class='ocrx_word' id='word_1_350' title='bbox 1076 4229 1224 4298; x_wconf 83' lang='lat' dir='ltr'><strong>omnium</strong></span> <span class='ocrx_word' id='word_1_351' title='bbox 1233 4256 1241 4312; x_wconf 92' lang='grc'><strong>;</strong></span> <span class='ocrx_word' id='word_1_352' title='bbox 1260 4234 1313 4318; x_wconf 89' lang='grc'>(41.</span> <span class='ocrx_word' id='word_1_353' title='bbox 1329 4235 1363 4299; x_wconf 86' lang='lat' dir='ltr'><strong>J.</strong></span> <span class='ocrx_word' id='word_1_354' title='bbox 1378 4235 1411 4312; x_wconf 88' lang='grc'><strong>9,</strong></span> 
     </span>
     <span class='ocr_line' id='line_1_34' title="bbox 141 4335 1410 4421; baseline 0.004 -19"><span class='ocrx_word' id='word_1_355' title='bbox 141 4337 173 4414; x_wconf 90' lang='grc'><strong>9,</strong></span> <span class='ocrx_word' id='word_1_356' title='bbox 192 4337 245 4416; x_wconf 90' lang='grc'><strong>15,</strong></span> <span class='ocrx_word' id='word_1_357' title='bbox 262 4339 299 4417; x_wconf 86' lang='grc'><strong>9;</strong></span> <span class='ocrx_word' id='word_1_358' title='bbox 321 4337 375 4416; x_wconf 90' lang='grc'><strong>36,</strong></span> <span class='ocrx_word' id='word_1_359' title='bbox 395 4339 432 4413; x_wconf 91' lang='grc'><strong>9;</strong></span> <span class='ocrx_word' id='word_1_360' title='bbox 452 4335 540 4414; x_wconf 66' lang='lat' dir='ltr'><strong>Har,</strong></span> <span class='ocrx_word' id='word_1_361' title='bbox 563 4335 618 4415; x_wconf 90' lang='grc'><strong>50,</strong></span> <span class='ocrx_word' id='word_1_362' title='bbox 636 4335 687 4419; x_wconf 87' lang='grc'><strong>9);</strong></span> <span class='ocrx_word' id='word_1_363' title='bbox 710 4356 780 4421; x_wconf 83' lang='lat' dir='ltr'><strong>quae</strong></span> <span class='ocrx_word' id='word_1_364' title='bbox 796 4336 842 4402; x_wconf 85' lang='lat' dir='ltr'><strong>ris</strong></span> <span class='ocrx_word' id='word_1_365' title='bbox 856 4336 1055 4404; x_wconf 85' lang='lat' dir='ltr'><strong>adversative</strong></span> <span class='ocrx_word' id='word_1_366' title='bbox 1072 4338 1171 4404; x_wconf 85' lang='lat' dir='ltr'><strong>levior</strong></span> <span class='ocrx_word' id='word_1_367' title='bbox 1189 4339 1410 4418; x_wconf 83' lang='lat' dir='ltr'><strong>videturesse,</strong></span> 
     </span>
     <span class='ocr_line' id='line_1_35' title="bbox 142 4442 1414 4532; baseline 0.004 -24"><span class='ocrx_word' id='word_1_368' title='bbox 142 4443 167 4508; x_wconf 93' lang='lat' dir='ltr'><strong>si</strong></span> <span class='ocrx_word' id='word_1_369' title='bbox 179 4443 367 4529; x_wconf 79' lang='lat' dir='ltr'><strong>simpliciter</strong></span> <span class='ocrx_word' id='word_1_370' title='bbox 387 4443 548 4508; x_wconf 88' lang='lat' dir='ltr'><strong>notionem</strong></span> <span class='ocrx_word' id='word_1_371' title='bbox 563 4442 662 4528; x_wconf 83' lang='lat' dir='ltr'><strong>priori</strong></span> <span class='ocrx_word' id='word_1_372' title='bbox 684 4442 861 4529; x_wconf 87' lang='lat' dir='ltr'><strong>oppositum</strong></span> <span class='ocrx_word' id='word_1_373' title='bbox 883 4444 1042 4530; x_wconf 81' lang='lat' dir='ltr'><strong>porticula</strong></span> <span class='ocrx_word' id='word_1_374' title='bbox 1060 4444 1215 4532; x_wconf 82' lang='lat' dir='ltr'><strong>designet,</strong></span> <span class='ocrx_word' id='word_1_375' title='bbox 1238 4447 1414 4532; x_wconf 84' lang='lat' dir='ltr'><strong>praeserlim</strong></span> 
     </span>
     <span class='ocr_line' id='line_1_36' title="bbox 144 4549 1414 4636; baseline 0.005 -22"><span class='ocrx_word' id='word_1_376' title='bbox 144 4559 214 4616; x_wconf 86' lang='lat' dir='ltr'><strong>ente</strong></span> <span class='ocrx_word' id='word_1_377' title='bbox 239 4549 404 4636; x_wconf 86' lang='lat' dir='ltr'><strong>proprium</strong></span> <span class='ocrx_word' id='word_1_378' title='bbox 429 4568 543 4615; x_wconf 89' lang='lat' dir='ltr'><strong>nomen</strong></span> <span class='ocrx_word' id='word_1_379' title='bbox 566 4557 620 4614; x_wconf 84' lang='lat' dir='ltr'><strong>aut</strong></span> <span class='ocrx_word' id='word_1_380' title='bbox 650 4567 823 4634; x_wconf 87' lang='lat' dir='ltr'><strong>pronomen</strong></span> <span class='ocrx_word' id='word_1_381' title='bbox 853 4552 1032 4634; x_wconf 85' lang='lat' dir='ltr'><strong>personale,</strong></span> <span class='ocrx_word' id='word_1_382' title='bbox 1066 4559 1101 4618; x_wconf 89' lang='lat' dir='ltr'><strong>ut</strong></span> <span class='ocrx_word' id='word_1_383' title='bbox 1127 4551 1205 4620; x_wconf 78' lang='grc'>1441..</span> <span class='ocrx_word' id='word_1_384' title='bbox 1225 4553 1282 4634; x_wconf 88' lang='grc'><strong>55,</strong></span> <span class='ocrx_word' id='word_1_385' title='bbox 1310 4555 1342 4632; x_wconf 90' lang='grc'><strong>1,</strong></span> <span class='ocrx_word' id='word_1_386' title='bbox 1363 4575 1414 4624; x_wconf 86' lang='grc'><strong>44·</strong></span> 
     </span>
     <span class='ocr_line' id='line_1_37' title="bbox 144 4653 1413 4743; baseline 0.005 -22"><span class='ocrx_word' id='word_1_387' title='bbox 144 4656 205 4722; x_wconf 84' lang='lat' dir='ltr'><strong>tori</strong></span> <span class='ocrx_word' id='word_1_388' title='bbox 217 4654 314 4722; x_wconf 83' lang='lat' dir='ltr'><strong>verbo</strong></span> <span class='ocrx_word' id='word_1_389' title='bbox 336 4653 499 4723; x_wconf 78' lang='grc'>45444144</span> <span class='ocrx_word' id='word_1_390' title='bbox 515 4654 607 4721; x_wconf 83' lang='lat' dir='ltr'><strong>varie</strong></span> <span class='ocrx_word' id='word_1_391' title='bbox 625 4653 904 4724; x_wconf 64' lang='lat' dir='ltr'><strong>adsentiebantur.</strong></span> <span class='ocrx_word' id='word_1_392' title='bbox 922 4657 1023 4724; x_wconf 83' lang='grc'>414.</span> <span class='ocrx_word' id='word_1_393' title='bbox 1046 4659 1182 4725; x_wconf 84' lang='lat' dir='ltr'><strong>Porcius</strong></span> <span class='ocrx_word' id='word_1_394' title='bbox 1194 4659 1294 4739; x_wconf 87' lang='lat' dir='ltr'><strong>Cato;</strong></span> <span class='ocrx_word' id='word_1_395' title='bbox 1310 4661 1364 4739; x_wconf 89' lang='grc'><strong>40,</strong></span> <span class='ocrx_word' id='word_1_396' title='bbox 1380 4661 1413 4743; x_wconf 87' lang='grc'><strong>3,</strong></span> 
     </span>
     <span class='ocr_line' id='line_1_38' title="bbox 146 4745 904 4851; baseline 0.001 -24"><span class='ocrx_word' id='word_1_397' title='bbox 146 4775 180 4828; x_wconf 87' lang='grc'><strong>41</strong></span> <span class='ocrx_word' id='word_1_398' title='bbox 193 4783 274 4851; x_wconf 80' lang='lat' dir='ltr'><strong>epo;</strong></span> <span class='ocrx_word' id='word_1_399' title='bbox 289 4764 318 4828; x_wconf 96' lang='lat' dir='ltr'><strong>J.</strong></span> <span class='ocrx_word' id='word_1_400' title='bbox 336 4763 391 4844; x_wconf 86' lang='grc'><strong>90,</strong></span> <span class='ocrx_word' id='word_1_401' title='bbox 409 4764 442 4840; x_wconf 88' lang='grc'><strong>9,</strong></span> <span class='ocrx_word' id='word_1_402' title='bbox 460 4773 495 4828; x_wconf 86' lang='grc'><strong>41</strong></span> <span class='ocrx_word' id='word_1_403' title='bbox 512 4745 559 4839; x_wconf 58' lang='grc'><strong>144</strong></span> <span class='ocrx_word' id='word_1_404' title='bbox 576 4763 631 4840; x_wconf 87' lang='grc'><strong>90,</strong></span> <span class='ocrx_word' id='word_1_405' title='bbox 645 4764 678 4842; x_wconf 91' lang='grc'><strong>5,</strong></span> <span class='ocrx_word' id='word_1_406' title='bbox 695 4773 731 4827; x_wconf 90' lang='grc'><strong>41</strong></span> <span class='ocrx_word' id='word_1_407' title='bbox 744 4760 811 4843; x_wconf 79' lang='lat' dir='ltr'><strong>itte,</strong></span> <span class='ocrx_word' id='word_1_408' title='bbox 830 4772 904 4829; x_wconf 88' lang='grc'>414..</span> 
     </span>
    </p>
   </div>
   <div class='ocr_carea' id='block_1_12' title="bbox 0 0 1814 5724">
    <p class='ocr_par' dir='ltr' id='par_1_15' title="bbox 0 0 1814 5724">
     <span class='ocr_line' id='line_1_39' title="bbox 0 0 1814 5724; baseline 0 0"><span class='ocrx_word' id='word_1_409' title='bbox 0 0 1814 5724; x_wconf 95' lang='lat' dir='ltr'><strong> </strong></span> 
     </span>
    </p>
   </div>
  </div>
 </body>
</html>
