3576 5724
882 475 1082 532 —226-

345 623 459 710 objecti
473 641 641 708 usurpasse
652 619 789 698 videtur,
805 619 1163 706 cujusconstructionis‚
1179 625 1256 686 teste
1267 617 1385 698 Gellio,
1400 618 1510 684 Cicero
1524 619 1627 706 plura

346 731 492 815 exempla
506 737 647 795 veterum
663 747 749 820 more
769 727 876 793 babet.

391 837 426 902 2⁰
441 834 607 903 Genitivus
623 833 819 918 pronominis
834 833 1024 920 personalis,
1042 833 1097 921 qui
1109 853 1183 898 cum
1195 854 1337 899 eaurrrvo
1348 831 1529 922 gerundivi
1539 833 1631 922 apud

347 962 457 1010 omnes
473 941 641 1026 scriptores
657 942 847 1028 plerumque
865 941 1039 1016 invenitur,
1058 939 1239 1006 rarissimus
1254 951 1300 1006 est
1316 939 1401 1026 apud
1417 941 1627 1018 Sallustium,

349 1060 391 1127 ct,
412 1059 446 1115 ut
464 1048 603 1126 videtur,
626 1047 752 1113 tantum
773 1047 804 1112 in
828 1047 923 1113 tertia
939 1067 1073 1132 persona
1088 1058 1275 1133 usurpatus,
1297 1067 1346 1112 ex.
1364 1067 1410 1132 gr.
1429 1047 1498 1114 Cet.
1518 1049 1571 1128 3l,
1592 1050 1628 1127 5,

345 1166 511 1245 postremo
527 1151 762 1220 dissimulaudi
775 1175 877 1220 causa
889 1165 950 1219 crit
965 1151 1020 1220 suc'
1033 1151 1244 1243 expurgandi
1249 1178 1257 1233 ;
1275 1154 1345 1241 lug.
1362 1154 1417 1232 89,
1432 1155 1465 1234 6,
1483 1153 1557 1244 ejus
1563 1177 1631 1244 po-

351 1258 461 1328 tc'undi
475 1258 623 1330 Marium
642 1259 792 1326 monimo
807 1257 928 1350 cupido
944 1259 1121 1326 invaserat.
1137 1295 1183 1310 -
1196 1259 1403 1327 Accusativus
1429 1262 1632 1348 pronominis

352 1389 505 1456 personae,
527 1367 583 1455 qui
601 1366 686 1456 apud
706 1367 875 1445 Caesarem,
894 1367 1031 1447 Livium,
1049 1365 1208 1436 Velleium
1223 1367 1352 1432 omnino
1370 1365 1479 1433 deesse
1504 1367 1633 1434 videtur

350 1487 382 1543 et
397 1475 573 1542 aCicerone
585 1494 815 1563 nonnunquam
830 1473 992 1540 adbibitus
1012 1487 1069 1555 est,
1089 1473 1174 1559 apud
1191 1473 1381 1540 Sallustium
1396 1494 1469 1540 cum
1488 1475 1631 1560 genitivo

350 1581 498 1668 gerundii
512 1581 641 1668 junctus
656 1591 702 1647 est
716 1582 788 1666 lug.
804 1583 859 1656 44,
872 1582 905 1660 2,
922 1602 1019 1668 quem
1035 1591 1128 1645 tanto
1148 1575 1261 1645 lubido
1281 1579 1498 1669 relinquendi
1511 1601 1563 1646 me
1583 1581 1632 1648 in·

350 1687 446 1756 oosit.
462 1726 508 1737 -
520 1688 725 1754 ,decusativus
741 1687 944 1765 substantivi,
958 1687 1044 1774 quod
1058 1687 1143 1773 apud
1159 1688 1343 1753 Ciceronem
1357 1687 1484 1753 nonnisi
1506 1689 1633 1755 concin-

352 1796 460 1862 nitatis
477 1816 573 1861 causa
588 1806 712 1861 exstare
733 1792 872 1873 videtur,
891 1793 976 1880 apud
992 1793 1182 1860 Sallustium
1212 1795 1349 1860 occurrit
1364 1797 1436 1881 lug.
1455 1793 1510 1876 50,
1530 1797 1562 1872 4,
1579 1818 1633 1862 ne-

352 1924 416 1991 que
430 1913 545 1968 contro
559 1899 711 1988 feriundi
731 1904 791 1967 dut
817 1898 1016 1968 conserundi
1038 1921 1176 1966 monum
1200 1900 1295 1989 copia
1314 1911 1397 1966 erut.
1424 1902 1634 1969 Accusativus

353 2009 623 2076 substantivorum
648 2019 703 2074 aut
736 2007 964 2095 adjectivorum
989 2018 1102 2073 neutro
1132 2008 1251 2096 plurali
1277 2008 1374 2073 etiem
1407 2009 1483 2074 satis
1517 2031 1632 2076 rarus:

354 2116 434 2181 Hist.
457 2117 519 2182 inc.
538 2114 593 2194 63,
610 2136 701 2180 more
714 2114 872 2181 humanae
891 2109 1055 2202 cupidinis
1071 2112 1191 2201 ignoro
1205 2112 1338 2180 visundi
1353 2111 1405 2197 (cl.
1423 2116 1494 2202 Jug.
1514 2116 1569 2193 93,
1585 2117 1632 2200 3).

398 2221 579 2290 Notandum
608 2233 655 2287 est
677 2222 728 2287 bic
758 2221 992 2287 substantivum
1014 2219 1122 2309 copie,
1144 2219 1229 2306 quod
1245 2241 1316 2286 cum
1330 2219 1468 2306 genitivo
1484 2221 1635 2308 gerundii

352 2331 444 2417 jungi
458 2330 538 2396 solet
555 2330 608 2412 (cl.
621 2329 693 2415 Jug.
717 2329 770 2405 l8,
789 2331 829 2410 53
845 2330 901 2405 50,
919 2331 951 2406 4,
966 2329 1056 2414 eto),
1068 2349 1140 2394 cum
1159 2328 1314 2394 infinitivo
1333 2327 1469 2394 inveniri
1488 2329 1559 2396 Cat.
1579 2331 1634 2406 l7,

356 2440 389 2516 li,
406 2435 526 2525 qrcibrcs
538 2436 574 2502 in
594 2435 660 2502 otio
676 2433 916 2524 mugrrificeoel
925 2434 1068 2500 molliter
1082 2434 1189 2500 vicere
1201 2434 1297 2524 copia
1312 2447 1395 2500 crat.
1411 2472 1457 2487 -
1477 2437 1637 2503 Similiter

357 2541 558 2610 necessitudo
576 2542 712 2613 nonnisi
734 2563 805 2609 cum
824 2542 982 2608 infinitivo
997 2544 1134 2608 occurrit
1154 2565 1161 2606 :
1184 2543 1255 2628 lug.
1277 2543 1354 2620 tou,
1371 2544 1404 2623 5,
1425 2542 1531 2609 simul
1542 2541 1638 2610 nodis

358 2648 503 2716 demeres
521 2648 676 2716 acerbum
695 2645 964 2715 necessitudinem
976 2647 1323 2736 puritcrtecrrnntern
1336 2660 1436 2736 atque
1451 2649 1548 2716 illurn
1567 2671 1637 2732 sce-

360 2756 603 2824 leratissumum
616 2755 782 2846 persequi.
799 2792 844 2806 -
860 2759 999 2844 Tempus
1009 2777 1080 2822 cum
1096 2755 1225 2842 genitiv.
1241 2757 1407 2841 gerundivi
1431 2758 1558 2843 estlug.
1577 2759 1635 2835 97,

362 2866 394 2944 l,
415 2877 447 2930 at
472 2885 544 2930 cum
561 2861 607 2929 nd
635 2873 666 2930 et
686 2863 864 2930 accusativo
883 2865 954 2950 lug.
974 2864 1027 2942 lt,
1050 2865 1083 2940 2,
1103 2862 1215 2949 itaque
1237 2873 1365 2950 tempus
1389 2859 1436 2929 cd
1457 2874 1639 2954 utrumque

360 2993 430 3038 rent
443 2969 641 3050 decernitur,
657 2967 715 3036 sed
725 2969 891 3035 maturius
905 2967 952 3034 od
960 2967 1138 3058 pecuniam
1157 2967 1432 3036 distribuendum.

405 3078 582 3144 Gunrrvvuu
605 3076 771 3164 gerundivi
789 3083 861 3143 cbm
880 3077 1018 3162 genitivo
1037 3076 1228 3142 substantivi
1246 3076 1407 3163 junctum,
1424 3086 1455 3142 et
1478 3097 1517 3144 ex
1541 3078 1640 3145 verbo

362 3205 427 3252 esse
449 3203 595 3270 expresso
608 3185 669 3256 ,vel
686 3183 865 3269 supplendo
882 3193 993 3268 aptum
1022 3182 1062 3248 ad
1078 3183 1267 3270 qualitatem
1283 3181 1527 3270 designandam,
1551 3186 1641 3271 apud

364 3291 554 3360 Sallustium
574 3289 660 3356 baud
682 3310 790 3356 rarum
812 3310 879 3376 esse
894 3310 993 3377 supra
1026 3289 1312 3356 demonstravimus
1335 3290 1423 3376 (Vid.
1446 3289 1486 3358 ad
1521 3291 1642 3375 geniti-

362 3418 450 3478 vum,
472 3418 502 3483 p.
526 3395 616 3482 l30).

407 3505 487 3571 Cum
507 3503 646 3590 genitivo
669 3503 835 3588 gerundivi
853 3502 1045 3590 adjectivum
1069 3499 1185 3574 uvidus
1206 3502 1328 3588 primus
1346 3495 1491 3590 junxisse
1510 3503 1642 3572 videtur

364 3611 549 3691 Sallustius,
569 3612 640 3697 lug.
663 3611 717 3690 35,
735 3612 766 3690 3,
785 3608 902 3676 avidus
914 3608 1031 3676 consul
1049 3607 1126 3674 belli
1142 3607 1294 3698 gerundi.

408 3720 441 3786 3ο
460 3721 596 3785 Dirrvus
610 3717 757 3802 gerundii
773 3738 844 3785 cum
860 3715 1038 3783 accusativo
1054 3717 1167 3804 objecti
1189 3716 1276 3803 apud
1294 3716 1482 3783 Sallustium
1503 3735 1566 3784 non
1590 3718 1638 3784 in·

363 3827 434 3892 veni
448 3849 456 3903 ;
474 3825 601 3892 dativus
620 3823 786 3911 gerundivi
804 3833 834 3890 et
847 3823 1037 3891 substantivi
1053 3823 1155 3890 multo
1167 3823 1273 3890 rarior
1291 3833 1337 3890 est
1353 3821 1438 3910 apud
1453 3843 1527 3890 eum.
1544 3845 1639 3912 quam

364 3933 448 4021 apud
461 3933 645 3999 Ciceronem
655 3951 691 3998 ec
702 3932 877 4020 praesertim
893 3930 978 4018 apud
995 3931 1121 3999 Livium
1139 3953 1146 3996 :
1161 3932 1232 4016 lug.
1254 3931 1307 4008 te,
1321 3933 1352 4010 l,
1367 3928 1509 3998 alterum
1527 3931 1639 4000 trium·

362 4040 472 4108 cirum
495 4038 632 4106 coloniis
640 4037 842 4106 deducundis
857 4039 884 4119 1;
901 4039 982 4105 Hist.
1005 4039 1067 4105 inc.
1078 4039 1132 4117 58,
1147 4059 1221 4126 qnae
1237 4037 1467 4128 consufuerat
1479 4039 1640 4107 nouandis

362 4146 471 4214 rebus.
491 4181 538 4196 -
555 4146 755 4234 ddjectivum
778 4145 868 4212 utilis·
892 4165 1057 4233 nunquam
1081 4164 1153 4211 cum
1170 4145 1276 4212 dativo
1295 4145 1476 4231 gerundivi,
1492 4145 1550 4213 sed
1569 4165 1637 4213 oum
1669 4189 1673 4198 ,

362 4251 409 4321 od
423 4275 524 4340 praepa
539 4264 570 4320 et
585 4253 762 4320 accusativo
775 4251 882 4340 jungit
899 4251 1073 4319 Sallustius
1090 4253 1161 4339 lug.
1181 4253 1257 4331 lll,
1280 4255 1312 4318 4.

408 4363 451 4428 40·
471 4361 643 4429 beurrrvus
673 4342 821 4446 gerundii
852 4361 1129 4428 instrumentalem
1158 4360 1347 4446 plerumque
1375 4357 1638 4445 significationem
1676 4413 1678 4420 ⁴

362 4467 478 4534 hebet:
497 4468 578 4534 Hist.
597 4489 619 4547 v,
637 4469 691 4546 45,
711 4470 725 4534 l
744 4467 805 4548 bis,
822 4489 887 4558 quo
908 4505 950 4516 -
966 4477 1037 4548 out,
1055 4465 1322 4558 siprooidcrr'tis,
1341 4465 1375 4531 in
1390 4461 1533 4530 citandis
1550 4463 1640 4555 peri·

361 4571 561 4662 culismupis
572 4595 675 4664 quarn
688 4573 869 4641 ulciscendo
881 4572 1061 4642 terreamini
1076 4575 1129 4661 (cl.
1143 4575 1214 4660 lug.
1226 4574 1279 4654 43,
1293 4574 1326 4653 6;
1343 4575 1412 4640 Cat.
1427 4573 1482 4653 54,
1500 4571 1532 4651 3,
1548 4573 1638 4660 etc.)·;

393 4735 415 4782 l.
431 4731 461 4780 In
473 4731 601 4796 ejusmodi
619 4731 793 4782 locutionibus
817 4732 930 4782 dativum
952 4748 999 4798 per
1014 4733 1202 4784 detractionem
1217 4733 1288 4782 verbi
1312 4737 1438 4784 creatum
1452 4731 1500 4797 (vel
1525 4731 1640 4792 dictum)

360 4817 430 4861 recle
445 4812 558 4877 explicat
568 4812 717 4876 tornacus,
728 4813 862 4865 Krlttsclrc
875 4813 1017 4878 Beilrucpe
1031 4827 1080 4865 zur
1094 4812 1249 4868 uescttcbte
1262 4813 1309 4865 der
1324 4813 1374 4864 tat.
1391 4809 1519 4880 Spruclte,
1536 4826 1563 4875 p.
1581 4812 1637 4863 286.
