3534 5720
911 434 1111 506 ..200-

369 601 444 648 nem
464 591 568 646 tamen
584 580 756 645 invenitur.
783 581 859 647 Non
881 577 963 666 quin
978 579 1095 666 legitur
1119 578 1188 644 Cat.
1208 579 1263 656 35,
1280 579 1313 657 3,
1328 599 1395 644 non
1409 577 1491 665 quin
1504 599 1549 645 aes
1563 577 1640 643 olie-

368 708 451 752 num
465 685 546 754 meis
559 683 747 752 nominibus
761 706 802 750 ea
809 683 1073 774 possessionibus
1086 683 1210 751 soluere
1223 705 1367 772 possem,
1383 697 1415 751 et
1429 684 1436 720 ⁴
1456 683 1574 751 olienis
1584 707 1639 750 no-

369 791 515 859 minibus
530 790 711 858 liberalitas
727 789 886 858 Orestilla
899 790 1120 881 snisfiliaqne
1134 790 1234 880 copiis
1240 790 1460 881 persolveret;
1477 788 1537 857 sed
1545 789 1640 879 qnod,

370 901 424 965 nbi
442 881 619 964 Dieiscbius
634 908 665 964 et
678 898 841 964 Jacobsius
852 918 888 964 ex
909 899 1141 965 nonnullorum
1160 898 1306 965 codicum
1321 899 1398 964 satis
1413 899 1571 964 bonorum
1585 897 1642 963 fide
1746 942 1750 962 2

370 1025 437 1072 non
457 1001 580 1091 quio...
602 1024 669 1069 non
683 1024 814 1093 possem
832 1004 927 1070 scribi
946 1005 1131 1080 voluerunt,
1154 1004 1239 1090 quod
1258 1004 1388 1102 quidem
1406 1003 1580 1071 verisimile
1597 1004 1644 1069 vi·
1747 1066 1751 1079 ,

371 1113 476 1191 detur,
494 1131 594 1196 quum
609 1110 707 1178 iidem
720 1111 842 1178 codices
856 1111 912 1197 qui
927 1109 1009 1199 quin
1028 1111 1177 1176 exhibent
1196 1111 1399 1198 negationem
1412 1131 1491 1190 non,
1507 1111 1643 1178 maximo
1747 1110 1750 1147 ²

371 1238 481 1284 sensns
496 1217 698 1295 detrimento,
719 1217 901 1296 exhibeant,
923 1229 955 1284 et
973 1217 1066 1284 tacita
1080 1216 1108 1284 Α
1122 1217 1155 1284 ni
1169 1219 1196 1284 N
1211 1218 1328 1284 mutari
1345 1219 1485 1304 potnerit
1500 1217 1644 1285 ascribis

373 1327 405 1391 in
419 1324 570 1392 vocabulo
586 1323 666 1411 quio
680 1322 882 1390 delineanda.

413 1433 448 1497 ln
471 1432 551 1496 Hist.
573 1453 621 1507 ιιι,
641 1431 697 1508 82,
720 1432 775 1508 20,
796 1451 864 1518 qno
884 1424 899 1464 ²
912 1441 1023 1496 tomen
1037 1429 1190 1518 quemvis
1217 1429 1333 1520 amplo
1352 1429 1512 1517 qnoniam
1535 1429 1645 1496 serviti
1753 1457 1754 1476 ι

364 1537 516 1628 pretinm
535 1547 761 1618 ostentaretur,
775 1537 871 1626 cujus
886 1536 1066 1626 torpedinis
1076 1549 1148 1604 erot
1160 1533 1269 1626 decipi
1282 1547 1315 1604 et
1332 1549 1521 1604 vostrorum
1535 1558 1646 1603 rernm
1753 1593 1754 1610 ,

371 1642 458 1710 ultro
478 1642 612 1732 injuriae
632 1642 780 1731 prolium
801 1641 940 1710 debere?
964 1644 1184 1732 conjunctivus
1208 1645 1241 1710 in
1261 1644 1422 1710 enunciati
1443 1645 1473 1709 vi
1490 1643 1646 1710 conditio·
1753 1621 1754 1664 ³

372 1751 436 1818 nali
453 1752 609 1816 rationem
623 1750 730 1826 habet,
746 1750 831 1837 quod
846 1751 891 1816 sic
905 1752 970 1816 iere
982 1750 1135 1837 explicari
1153 1761 1254 1837 potest
1271 1773 1278 1816 :
1296 1747 1369 1830 illo,
1386 1749 1519 1816 etiamsi
1534 1749 1648 1839 amplo

302 1845 305 1852 ’
372 1868 462 1936 esset,
492 1867 622 1922 tontum
640 1853 738 1922 modo
757 1855 1027 1944 servitipretirtnr
1043 1866 1278 1938 ostentaretnr3
1305 1856 1465 1944 qnoniam
1479 1855 1583 1945 iqitur
1600 1877 1650 1922 res
1754 1873 1755 1892 ¹

372 1963 420 2030 ito
437 1975 485 2030 est
498 1973 557 2030 etc.
578 1963 675 2030 Aliud
695 1964 877 2049 exemplum
895 1963 1113 2041 laudabimus,
1131 1964 1216 2051 quod
1235 1965 1380 2050 reguiam
1400 1962 1649 2049 suprapositam

372 2072 530 2157 sequitur,
551 2071 609 2136 etsi
626 2071 831 2156 negationem
847 2070 935 2136 adest
952 2093 960 2135 :
980 2071 1051 2138 Cat.
1080 2072 1133 2150 tn,
1155 2072 1187 2148 7,
1205 2067 1263 2136 sed
1275 2091 1316 2136 ee
1330 2069 1406 2154 olir's
1427 2068 1525 2136 rebus
1542 2068 1650 2156 inopis
1754 2099 1755 2104 1

373 2198 477 2265 quom
494 2174 585 2265 qnod
606 2175 763 2265 cuiquam
790 2173 828 2242 id
852 2188 1058 2265 compertum
1081 2177 1183 2265 soret,
1213 2175 1282 2244 bec
1305 2176 1405 2265 forno
1433 2174 1583 2256 uolebot3
1601 2176 1649 2241 bic

275 2273 278 2280 ³
360 2285 458 2350 Ιιιιιίιιι
478 2283 643 2370 negativus
667 2303 778 2349 sensus
802 2302 838 2350 ex
863 2292 929 2349 tota
950 2283 1071 2371 periodi
1088 2283 1370 2370 comprehensione
1386 2283 1518 2370 cogitari
1535 2291 1645 2368 potest.

374 2391 585 2457 indicativum
598 2390 631 2456 in
647 2390 697 2456 his
711 2391 1012 2470 constructionibus,
1033 2391 1124 2478 cujus
1144 2390 1230 2475 apud
1245 2390 1431 2457 Ciceronem
1447 2390 1552 2476 ipsum
1570 2409 1648 2456 non·

374 2499 466 2564 nulia
480 2497 626 2581 exempla
640 2508 821 2574 occurrunt,
844 2497 1018 2563 Sallustius
1035 2517 1097 2564 non
1110 2497 1236 2563 videtur
1254 2515 1436 2583 usurpasse.

420 2601 658 2692 Conjnnctivus
671 2603 768 2669 etiam
783 2603 816 2669 in
832 2603 1031 2671 affirmativis
1046 2603 1224 2670 enuncians
1239 2622 1311 2670 cum
1323 2601 1415 2690 qnod
1426 2602 1649 2688 conjunctione
1755 2609 1756 2670 t

398 2711 450 2777 nni
472 2712 552 2776 sciet
573 2732 581 2775 :
1015 2774 1021 2786 ,

375 2731 395 2797 p
420 2818 453 2882 i⁰
473 2818 505 2884 Si
521 2837 617 2884 causa
631 2837 695 2882 non
712 2827 747 2883 ut
762 2836 848 2892 vera,
866 2815 920 2882 sed
935 2827 970 2882 ut
991 2817 1181 2901 cogitatione
1197 2825 1321 2888 tantum
1335 2816 1564 2906 comprehensa
1582 2835 1649 2902 pro

376 2935 524 3011 ponatur,
552 2933 606 2989 aut
628 2924 654 2989 si
684 2942 747 2988 non
774 2921 949 3006 scriptoris,
978 2923 1032 2987 sed
1052 2924 1158 2988 aliena
1185 2921 1294 3008 opinio
1323 2922 1488 2998 afferatur,
1515 2932 1551 2988 ut
1574 2923 1646 3008 Jug.

373 3032 429 3110 82,
448 3031 480 3112 3,
498 3050 600 3118 quom
624 3050 695 3096 rena
715 3027 777 3094 olii
797 3027 832 3095 in
851 3026 1040 3117 superbiam
1060 3027 1244 3106 vortebont,
1261 3027 1323 3094 olii
1342 3027 1464 3095 bonum
1479 3027 1650 3117 inpertiam

373 3135 574 3204 contumelio
585 3137 758 3202 accensum
773 3155 850 3216 esse,
865 3132 965 3201 molti
982 3131 1155 3223 qnodjom
1166 3145 1268 3224 porto
1283 3134 1422 3202 victorio
1437 3155 1479 3201 ere
1496 3133 1651 3202 monibus
1756 3149 1757 3152 ’

378 3243 576 3333 eriperetur3
592 3244 632 3308 cf.
647 3243 719 3328 Jug.
738 3244 793 3322 25,
810 3244 846 3307 ii
864 3267 872 3321 ;
891 3242 946 3321 65,
963 3243 995 3308 2.

422 3353 457 3417 ⁰2⁰
475 3350 554 3417 Cum
574 3349 678 3415 verbis
698 3369 771 3435 quae
790 3349 1070 3434 vituperationem,
1093 3348 1236 3428 laudem,
1256 3350 1432 3434 querelam,
1448 3348 1652 3415 mirationem

376 3458 569 3544 significant,
586 3449 824 3541 conjunctivum
839 3456 988 3540 usurpari
1005 3457 1107 3522 solere
1121 3463 1259 3535 constat3
1272 3456 1444 3522 Sallustius
1453 3476 1541 3533 vero,
1554 3475 1651 3542 quum

378 3565 587 3631 indicativum
608 3563 747 3636 adamat,
769 3562 1008 3650 conjunctivum
1027 3563 1123 3630 semel
1144 3573 1268 3630 tantum
1284 3564 1463 3650 usurparit,
1479 3564 1552 3649 Jug.
1571 3565 1602 3641 i,
1621 3564 1649 3638 i,

375 3669 464 3760 folso
485 3668 636 3757 queritur
654 3666 694 3734 de
713 3680 837 3735 notura
856 3690 918 3734 suo
936 3689 1039 3756 penos
1057 3667 1256 3751 homonum,
1272 3668 1364 3757 quod
1375 3667 1540 3736 imbecillo
1554 3679 1653 3756 utque

377 3777 441 3845 ani
455 3775 559 3842 breuis
572 3776 663 3864 sorte
674 3774 788 3864 potius
803 3796 905 3864 quarn
919 3775 1040 3842 virtute
1053 3785 1204 3864 nepotum
1222 3789 1252 3843 et
1267 3776 1319 3843 hic
1331 3776 1460 3862 quidem
1478 3795 1533 3861 per
1547 3795 1650 3842 vocem

375 3883 467 3974 salso
483 3883 629 3949 innuitur
639 3902 701 3948 non
712 3882 833 3970 justam
847 3902 913 3948 esse
928 3885 1067 3968 querelae
1083 3903 1224 3964 causam,
1237 3904 1309 3970 ques
1322 3883 1448 3970 negatio
1460 3882 1651 3970 conjunctivi

379 3991 536 4057 rationem
552 3989 584 4054 in
605 3989 759 4055 sehabet.
779 3989 819 4055 At
837 3990 970 4055 verbum
985 3987 1100 4070 londo,
1119 3990 1201 4057 Hist.
1224 4012 1272 4069 ιιι,
1289 3991 1344 4070 77,
1367 3991 1420 4068 m,
1441 4009 1515 4056 cnm
1531 3989 1652 4056 indica-

379 4098 444 4163 tivo
458 4095 621 4182 jungitur3
639 4115 759 4182 queror
773 4114 845 4161 cum
858 4095 1072 4181 conjunctivo,
1089 4098 1160 4183 Jng.
1177 4097 1232 4176 ib,
1251 4099 1282 4176 i,
1300 4097 1443 4164 oratione
1458 4096 1592 4181 obliqua
1605 4115 1653 4162 ex·

379 4202 535 4286 plicatum
558 4200 663 4267 miror
678 4211 733 4268 aut
747 4221 819 4268 cum
833 4203 1009 4274 accusativo
1019 4213 1051 4269 et
1066 4202 1223 4280 infinitivo
1234 4214 1293 4282 est,
1308 4204 1378 4271 Cat.
1397 4203 1452 4282 37,
1465 4203 1499 4282 8,
1518 4214 1574 4270 aut
1585 4220 1652 4270 cum

382 4308 570 4388 indicativo,
585 4309 666 4374 Hist.
687 4330 709 4386 1,
728 4310 782 4387 ib,
800 4310 834 4390 2,
854 4309 909 4376 ubi
930 4309 992 4398 qni
1011 4329 1068 4396 pro
1087 4307 1178 4399 quod
1194 4308 1220 4376 ii
1239 4311 1377 4397 positum
1396 4319 1454 4375 est.

411 4487 434 4534 1.
448 4485 463 4534 J
466 4483 578 4533 ordanus
593 4488 623 4533 ut
636 4483 726 4532 scribit
739 4497 786 4547 per
800 4482 989 4547 conjecturam
1003 4480 1151 4531 Dietschius
1167 4493 1231 4534 cunt
1242 4481 1358 4542 aestuet:
1371 4480 1531 4544 scripturam
1545 4477 1652 4543 optimo·

380 4570 439 4604 rum
453 4554 572 4634 codicum
586 4561 620 4614 et,
635 4569 712 4618 quam
725 4561 795 4605 recte
808 4553 925 4604 defendit
939 4552 1055 4604 Wiraius
1070 4553 1128 4613 (loc.
1144 4553 1189 4604 cit.
1202 4569 1229 4617 p.
1242 4554 1277 4617 7),
1290 4567 1349 4604 cum
1360 4551 1484 4602 lacobsio
1496 4549 1652 4601 renuendam

381 4639 480 4675 censui.

410 4708 434 4754 2,
454 4704 529 4753 Hanc
551 4703 645 4754 Faerni
662 4704 859 4762 correctionem,
884 4717 931 4768 pro
947 4716 1008 4768 qua
1030 4701 1099 4765 qnod
1124 4702 1151 4752 in
1164 4702 1293 4753 Vaticano
1316 4707 1356 4751 est
1370 4706 1396 4750 et
1409 4716 1425 4751 a
1437 4699 1562 4750 lacobsio
1575 4697 1651 4748 multo

380 4783 457 4840 atque
474 4774 558 4826 inutili
573 4775 662 4826 labore
676 4775 834 4835 defenditur,
847 4774 979 4826 Jordanus
990 4780 1018 4825 et
1031 4773 1178 4824 Dietschius
1193 4774 1220 4824 in
1234 4778 1331 4824 textum
1344 4771 1404 4838 jure
1417 4777 1579 4838 receperunt.
