3534 5720
922 430 1115 489 -t38-

916 663 1045 729 CAPUT
1068 663 1120 731 lv.

783 864 822 908 nu
845 863 1032 908 sennonteus
1056 865 1093 909 sr
1117 864 1207 909 tronis
1230 845 1252 908 ¹.

426 1035 458 1098 l⁰
482 1036 627 1100 Praeserrs
642 1029 835 1096 historicam
856 1031 940 1116 qnod
954 1031 1085 1111 dicitur,
1102 1051 1164 1097 non
1180 1042 1302 1097 tantum
1319 1031 1404 1118 apud
1420 1032 1586 1100 historicos
1603 1055 1655 1100 oc·

379 1141 490 1220 currit,
508 1140 562 1206 sed
575 1139 680 1204 etiam
703 1139 787 1224 apud
803 1139 883 1204 alios
905 1139 1085 1224 scriptores,
1104 1138 1159 1205 ulti
1184 1159 1240 1225 per
1258 1139 1579 1228 repraesentationem
1596 1143 1655 1208 sub

379 1249 480 1314 oculis
507 1247 631 1314 lectoris
650 1246 810 1332 preterita
834 1245 915 1310 actio
943 1245 1123 1312 reducenda
1147 1255 1192 1312 est
1201 1271 1209 1325 ;
1235 1245 1324 1332 cujus
1346 1248 1602 1328 constructionis,
1621 1260 1656 1314 ut

379 1376 437 1441 per
456 1366 515 1435 est,
533 1356 691 1440 permulta
707 1353 718 1386 ²
741 1355 770 1418 in
794 1352 938 1420 Sallustii
959 1353 1049 1418 libris
1071 1353 1216 1438 exempla
1235 1363 1321 1432 suot,
1338 1354 1457 1440 quippe
1471 1355 1539 1442 qui,
1558 1356 1655 1420 nteit
1674 1428 1678 1438 ¹

378 1463 579 1539 Gerlachius,
596 1481 645 1526 res
657 1471 760 1546 gestas
771 1481 842 1546 cunr
859 1479 983 1526 summa
998 1465 1113 1541 trappa
1129 1471 1277 1544 exponat,
1294 1459 1338 1525 ita
1353 1472 1389 1526 ut
1408 1462 1473 1546 geri
1491 1463 1654 1548 negotium

378 1582 409 1636 et
428 1591 476 1634 res
497 1578 569 1634 aute
589 1570 695 1633 oculos
719 1588 785 1632 esse
803 1567 959 1632 videatur.
982 1567 1039 1632 Cui
1065 1567 1197 1652 tempori
1223 1578 1327 1633 cetera
1353 1568 1396 1632 ita
1415 1588 1556 1635 connexa
1579 1581 1656 1635 sunt

377 1686 425 1753 ut,
447 1675 537 1761 qnasi
555 1675 586 1740 in
608 1674 729 1740 umbris
753 1675 867 1753 locate,
885 1674 1085 1760 reliquorum
1104 1673 1312 1739 eminentiam
1328 1675 1509 1761 adaugeant
1524 1697 1655 1762 expres-

376 1784 556 1867 sioremque
582 1781 726 1847 reddent.
747 1781 806 1846 Sed
832 1801 871 1846 ne
892 1801 1014 1866 semper
1036 1781 1120 1846 idern
1135 1790 1226 1846 tenor
1241 1782 1394 1847 orationis
1410 1783 1462 1860 sit,
1482 1784 1604 1849 accedit
1622 1785 1653 1849 iu

378 1893 447 1976 ipsa
463 1901 641 1976 temporum
655 1888 883 1973 compositione
898 1907 1022 1953 summa
1035 1888 1183 1952 varietas.
1204 1888 1254 1952 Sic
1269 1889 1441 1973 perfectum
1459 1891 1490 1954 in
1507 1892 1652 1974 sequenti

375 1997 540 2063 enuntiato
565 2015 647 2081 saepe
672 1995 803 2080 ponitur
834 2017 841 2059 ε
862 1995 933 2079 lug.
952 1994 1007 2072 ot,
1030 1994 1062 2072 3,
1082 2005 1264 2082 postquam
1280 1993 1347 2060 dees
1362 2007 1463 2082 atque
1484 1994 1553 2060 alia
1569 1996 1654 2061 tolio

376 2102 578 2189 (licitaeque
593 2101 725 2166 enimus
744 2101 835 2168 Mari
844 2100 1005 2189 stertitur,
1018 2099 1203 2190 respandr't3
1220 2101 1248 2166 J.
1266 2102 1320 2177 76,
1331 2106 1364 2179 6,
1383 2100 1514 2166 idicirco
1530 2113 1563 2166 et
1575 2123 1655 2191 epa·
1685 2167 1700 2210 ο

377 2209 416 2275 lis
435 2209 565 2274 eaeruti
592 2206 716 2294 illaque
734 2219 765 2272 et
782 2205 917 2274 domina
936 2221 966 2272 et
979 2219 1079 2272 semet
1094 2207 1166 2293 ipar'
1176 2218 1410 2296 corrumpunt,
1429 2220 1460 2272 et
1477 2229 1560 2296 paras
1575 2211 1657 2274 victi

378 2316 419 2382 ab
440 2313 585 2382 hostibus
596 2337 714 2404 parcns
733 2325 930 2390 nretrterant,
951 2337 1006 2379 ens
1021 2313 1085 2402 ipsi
1097 2313 1236 2379 colentes
1249 2313 1456 2404 pependere;
1473 2317 1525 2400 (cl.
1542 2317 1571 2381 J.
1597 2318 1651 2394 73,

376 2427 408 2502 7,
428 2427 499 2506 etc).
518 2424 633 2489 Contra
649 2423 814 2506 aperlecto
835 2424 874 2486 od
896 2441 1034 2507 praesens
1061 2421 1244 2487 historicum
1263 2423 1416 2487 transitur
1440 2423 1511 2507 lug.
1537 2423 1595 2499 ta,
1622 2426 1651 2502 l,

374 2529 542 2618 thpartlcc
565 2565 610 2578 -
632 2526 788 2605 consedit,
805 2526 989 2616 elephantis
1017 2539 1048 2592 et
1059 2527 1157 2616 parti
1177 2527 1349 2615 copiarum
1362 2525 1569 2616 pedestrium
1592 2532 1652 2594 Bo-

373 2635 542 2702 mc'lcorem
551 2634 718 2725 praefecit,
741 2655 881 2722 eamque
894 2633 1002 2700 edocet
1017 2655 1090 2721 price
1109 2645 1230 2722 nperet.
1251 2634 1311 2720 (Ct'.
1334 2635 1388 2712 58,
1411 2635 1444 2714 5,
1465 2638 1537 2718 eto).
1582 2671 1584 2678 >

420 2743 464 2810 td
493 2753 635 2827 tempora
655 2763 726 2828 quar
749 2761 884 2826 praesens
906 2741 1093 2807 historicum
1117 2749 1295 2826 sequuntur
1319 2741 1404 2826 quod
1433 2742 1557 2819 attinet,
1582 2743 1649 2810 duo

372 2869 487 2935 genera
503 2849 726 2934 distinguenda
750 2859 835 2914 sunt.
862 2851 893 2914 l⁰
909 2848 1140 2914 Secundarium
1156 2848 1356 2913 enuntiatum
1374 2849 1534 2932 praecedit.
1558 2853 1649 2916 Tunc

371 2959 499 3044 quidem
524 2959 631 3023 Cicero
653 2957 871 3041 imperfectum
894 2956 943 3020 vel
970 2957 1139 3042 plusquam
1157 2956 1329 3041 perlectum
1349 2957 1542 3038 conjunctivi
1559 2958 1648 3024 adhi-

370 3053 434 3143 bel,
452 3065 476 3130 si
503 3064 535 3129 ic
553 3083 723 3149 praegresso
745 3062 875 3150 periodo
895 3062 960 3127 alia
985 3063 1153 3148 praeseutia
1177 3083 1239 3129 non
1265 3061 1344 3143 sint;
1372 3083 1510 3148 praesens
1534 3076 1648 3130 contra

369 3172 562 3255 conjunctivi
586 3182 731 3255 usurpat,
758 3170 782 3235 si
814 3170 878 3236 alia
908 3169 1059 3235 historica
1082 3168 1249 3255 praesentio
1271 3169 1460 3256 prascedant.
1480 3171 1559 3236 ltem
1579 3173 1645 3238 lere

320 3277 324 3283 ’
369 3281 491 3357 Cresar3
511 3279 683 3344 Sallustius
696 3299 769 3345 vero
786 3278 848 3343 duo
864 3279 1008 3363 exempla
1022 3286 1144 3342 tantum
1160 3275 1254 3361 hujus
1269 3276 1393 3362 generis
1411 3278 1530 3362 prolert
1547 3300 1553 3342 :
1572 3279 1643 3346 Cat.

369 3387 423 3466 45,
440 3387 459 3452 2
477 3385 605 3468 (Cicera
621 3421 664 3434 -
681 3384 824 3473 imperat
841 3395 879 3450 ut
892 3383 1037 3473 drepente
1055 3382 1181 3449 Mulvio
1191 3404 1257 3472 per
1273 3381 1410 3448 insidias
1425 3381 1645 3472 Allobropurn

367 3491 541 3558 comitatus
562 3489 819 3581 deprehendant.
839 3494 918 3558 Rem
941 3512 1070 3557 omnem
1090 3489 1209 3579 aperit,
1228 3488 1324 3577 crrjns
1344 3489 1457 3578 pretia
1472 3489 1645 3556 mitteban-

367 3611 432 3680 tnr,
448 3611 567 3677 cetera,
594 3598 646 3664 nti
660 3598 752 3687 facto
778 3620 861 3687 apris
884 3598 937 3674 sit,
957 3598 1004 3664 ita
1025 3606 1130 3684 agant,
1151 3595 1328 3684 permittit,
1351 3597 1418 3673 nbi,
1448 3597 1542 3681 plura
1567 3617 1644 3681 prm·

367 3705 468 3771 sentia
490 3707 690 3790 praecedunt;
708 3716 739 3770 at
759 3707 826 3770 siue
842 3695 1013 3790 puegre'sso
1032 3714 1184 3790 praesente
1202 3704 1401 3784 insolentius,
1418 3705 1488 3780 lae.
1509 3703 1585 3783 1103,
1608 3706 1642 3781 3,

365 3833 418 3878 ecs
433 3810 479 3878 ad
491 3811 640 3879 Mariam
657 3835 695 3877 nc
718 3810 845 3892 deinde,
862 3812 891 3877 si
903 3813 1037 3898 placeat,
1054 3814 1190 3878 Romam
1207 3810 1331 3898 lepntos
1346 3809 1394 3874 ire
1403 3808 1512 3897 jubet.
1529 3811 1563 3876 2⁰
1583 3811 1643 3876 Se-

365 3919 556 3985 cnrtdarium
582 3919 782 3985 enuntiatum
806 3919 994 4004 primarium
1019 3919 1175 4003 sequitur.
1199 3920 1286 3983 Tunc
1309 3937 1383 3983 vero
1409 3917 1493 4001 apud
1521 3918 1643 3983 Sallus-

364 4026 459 4098 tium,
479 4037 514 4091 ut
539 4026 623 4112 apud
646 4027 843 4102 Ciceronem,
869 4045 953 4090 nunc
972 4047 1121 4114 praesens
1142 4025 1336 4111 conjunctivi
1363 4023 1535 4102 invenitur,
1553 4025 1642 4089 velut

364 4133 432 4200 Cat.
452 4133 508 4211 36,
526 4133 559 4210 3,
573 4144 734 4222 praeterea
749 4129 892 4198 decernit
913 4131 963 4197 nti
985 4130 1131 4198 causales
1145 4129 1300 4198 dilectum
1315 4129 1477 4222 debeant,
1495 4131 1548 4214 (cl.
1566 4131 1638 4214 lug.

364 4241 419 4318 dl,
439 4241 474 4320 l;
496 4241 551 4320 62,
571 4241 601 4319 l,
623 4241 720 4325 etr.);
748 4261 832 4306 nnnc
843 4239 1049 4328 praeteritum
1078 4241 1193 4325 (multo
1213 4243 1308 4305 etiarn
1331 4239 1528 4324 frequentius
1554 4237 1640 4324 apud

365 4348 582 4433 Sallustium),
595 4349 711 4433 uttug.
730 4349 784 4425 32,
804 4355 833 4412 l.
849 4347 1031 4414 Mummius
1040 4345 1167 4437 populo
1179 4343 1358 4434 persuadet
1373 4343 1469 4410 arte.
1491 4343 1636 4424 Cassius,

394 4563 416 4609 l.
434 4561 464 4608 In
478 4561 527 4609 hoc
542 4560 654 4624 capitulo
669 4560 814 4620 tractando,
829 4559 1019 4608 multumnouts
1032 4559 1129 4624 proluit
1143 4557 1269 4622 Draegeri
1291 4557 1323 4606 de
1341 4557 1444 4621 Spntaxi
1468 4557 1549 4606 latins
1563 4556 1636 4612 liber,
1706 4603 1712 4620 ¹

363 4629 436 4692 enjus
451 4629 593 4679 divisiones
610 4630 761 4695 plerumque
778 4630 976 4694 adoptavimus3
997 4630 1117 4679 nonnulla
1139 4629 1216 4678 etism
1231 4629 1347 4692 exempla
1368 4644 1398 4676 ex
1419 4627 1501 4676 latino
1522 4627 1637 4676 virorum

363 4699 498 4749 doctorum
509 4701 625 4750 Guardia
635 4701 821 4750 etll'ierzeislri
834 4702 1004 4764 grammatica
1018 4701 1160 4750 hausimus.

394 4775 417 4820 2.
437 4772 502 4820 Vide
514 4774 572 4835 Jug.
589 4776 627 4834 ts,
644 4773 685 4820 ulri
702 4773 837 4821 duodecim
853 4772 964 4836 amplius
977 4773 1114 4836 proesentis
1128 4771 1249 4821 historici
1264 4770 1381 4834 exempla
1394 4777 1518 4834 congesta
1536 4780 1602 4820 sunt.
1647 4775 1653 4788 ”
