3666 5724
742 497 918 552 ..ῃ--

187 633 232 699 lio
248 644 335 722 epet3
357 636 436 700 Hisl.
451 655 499 714 ιιι,
522 636 552 712 1,
572 635 604 711 7,
620 655 765 724 numque
780 633 983 726 stipendium
999 636 1111 702 neutri
1122 635 1234 714 datter,
1252 637 1355 704 uictor
1376 650 1460 704 uter·

185 761 249 828 qne
266 740 301 806 iu
316 739 449 807 Itulium
467 739 577 806 uenire
591 753 709 830 potest.
732 741 792 827 (Ad
809 743 967 829 pluralem
981 743 1066 829 quod
1088 745 1201 810 attinet
1214 763 1397 825 numerum,
1417 747 1457 812 cl.

185 849 285 915 luen.
306 849 385 914 Hist.
403 850 435 927 3,
453 849 512 928 97;
529 851 560 926 1,
579 849 633 927 at,
650 849 741 935 eto).

231 956 292 1022 Pro
318 956 461 1041 apposito
488 957 674 1041 pronomine
700 967 847 1043 uterque,
875 956 991 1042 saepius
1017 954 1150 1044 tetrique
1179 958 1298 1042 plurali
1327 977 1459 1026 numero

184 1062 317 1128 adhibet
329 1063 513 1140 Sallustius,
530 1063 614 1149 quod
628 1083 699 1128 cum
712 1063 870 1129 enuntiati
883 1061 1068 1148 subjeetum
1084 1065 1136 1143 sit,
1147 1063 1220 1150 jure
1236 1075 1312 1131 tune
1328 1067 1460 1132 verbum

185 1170 305 1255 plurali
326 1189 458 1235 numero
483 1167 682 1254 usurpatur}
707 1169 776 1235 Cat.
799 1169 853 1247 38,
882 1171 914 1246 l,
939 1171 1067 1256 utrique
1089 1169 1262 1236 victorium
1284 1170 1461 1238 crudeliter
1553 1231 1557 1237 .

184 1273 391 1354 euereebunt,
409 1276 461 1342 ubi
477 1276 608 1363 utrique
623 1275 760 1341 refertur
775 1275 815 1342 ad
833 1277 928 1342 rerba
943 1295 1115 1360 praegressa
1135 1275 1235 1342 elii...
1250 1257 1344 1366 puis,
1372 1279 1460 1344 ideo-

184 1403 247 1470 que
258 1383 427 1468 singularis
439 1403 588 1448 numerus
603 1385 752 1472 usurpari
766 1383 888 1468 nequit3
904 1383 956 1468 (el.
973 1383 1041 1448 Cat.
1058 1383 1112 1461 tu,
1125 1387 1158 1461 3,
1172 1389 1283 1470 snpra)
1294 1409 1302 1464 ;
1313 1387 1384 1469 lug.
1405 1387 1458 1464 15,

184 1491 218 1567 3,
239 1487 355 1556 deinde
367 1489 496 1576 utrique
516 1488 644 1554 citrium
659 1487 883 1577 eprediuutur,
906 1489 960 1554 ubi
978 1490 1015 1555 de
1031 1489 1211 1556 Adherbale
1231 1501 1261 1555 et
1278 1492 1388 1576 legatis
1403 1493 1460 1557 Ju-

184 1597 310 1682 gurtbae
326 1587 516 1676 dictumest,
534 1617 634 1682 quare
649 1597 785 1682 pluralis
801 1577 953 1662 uumerus
969 1589 1166 1662 necessarius
1181 1608 1244 1678 est;
1259 1599 1298 1663 cl.
1313 1600 1384 1684 lug.
1402 1601 1458 1677 33,

186 1707 220 1781 5,
240 1707 287 1768 itu
300 1703 433 1790 utrique
448 1703 616 1788 (iugurtha
632 1713 662 1769 et
675 1713 738 1768 tres
755 1703 847 1790 legati
865 1705 1005 1788 senatus)
1023 1701 1266 1791 diprediuntur'.
1285 1706 1386 1771 Paulo
1403 1706 1460 1771 ali·

186 1811 315 1877 terCat.
335 1811 389 1887 30,
408 1812 439 1887 le,
458 1808 490 1874 ei
510 1809 641 1897 utrique
660 1811 710 1892 (Q.
730 1810 866 1878 Marcius
887 1811 952 1876 Rex
971 1811 1052 1890 etQ.
1075 1808 1220 1876 Metellus
1235 1811 1390 1898 Creticus)
1416 1810 1464 1877 ud

185 1915 304 1982 uidem
320 1917 536 2004 imperotores
548 1927 654 1997 erunt,
672 1917 723 1982 ubi
741 1917 781 1984 ad
796 1919 969 2002 pronomen
985 1915 1016 1981 ei
1034 1917 1210 2001 subjeetum
1230 1927 1383 2003 tanquam
1403 1939 1462 2004 ap-

186 2025 303 2108 positio
321 2024 458 2089 relertur
479 2021 627 2110 tetrique;
645 2034 677 2088 at
697 2024 753 2089 boe
776 2024 843 2089 loeo
863 2035 1000 2110 uterque
1015 2024 1106 2091 nullo
1125 2025 1218 2090 modo
1234 2025 1383 2111 usurpari
1404 2045 1461 2110 po·

184 2141 277 2196 terat.
296 2131 477 2196 Notandum
500 2131 550 2195 hie
571 2131 751 2215 exemplum
768 2130 848 2196 Livii
867 2131 916 2215 (ιι,
938 2131 970 2206 7,
990 2131 1037 2216 1),
1055 2151 1118 2216 quo
1139 2130 1279 2219 quisque
1296 2151 1352 2219 pro
1372 2143 1462 2197 uter-

183 2259 249 2326 que
271 2239 309 2303 de
334 2237 457 2304 duobus
480 2237 597 2304 dieitur
611 2235 825 2303 exercitibus:
849 2240 901 2303 Itu
923 2259 997 2303 eum
1014 2249 1208 2327 pupnntum
1233 2249 1324 2319 esset,
1351 2249 1462 2304 tentus

184 2358 292 2410 terror
308 2339 526 2430 Tarquinium
545 2357 644 2431 utqtee
660 2345 814 2410 Etruscos
832 2343 971 2426 incessit,
995 2357 1032 2409 ut
1045 2344 1165 2410 omisso
1181 2344 1341 2426 irritare,
1364 2359 1456 2412 noete

183 2449 283 2516 umbo
295 2450 466 2532 exercituo,
486 2451 596 2519 Veiens
611 2449 930 2540 Tarquiniensisque,
941 2453 1024 2518 ¹suus
1039 2451 1178 2542 quisque
1192 2451 1321 2518 obirent
1334 2451 1458 2518 domos.

184 2562 223 2626 Et
244 2560 293 2625 bio
313 2559 455 2644 quidem,
477 2568 511 2625 ut
533 2559 671 2635 videtur,
693 2577 765 2625 eum
786 2557 884 2624 umbo
903 2561 971 2646 J'am
992 2571 1182 2646 usurpatum
1205 2571 1298 2638 esset,
1320 2559 1461 2646 ejusdem
1521 2629 1522 2632 ,

185 2670 252 2733 lere
267 2666 508 2752 significationis
522 2667 712 2732 vocabulum
727 2677 866 2753 uterque
886 2667 1030 2732 adhiberi
1050 2658 1113 2734 non
1134 2677 1266 2752 poterat.

230 2773 265 2839 3⁰
287 2773 424 2840 Atros...
446 2792 546 2838 entus.
562 2771 721 2858 -Hujus
735 2773 933 2858 pronominis
947 2773 1073 2859 repetiti
1089 2781 1119 2839 et
1139 2773 1179 2838 ad
1192 2773 1368 2859 subjeetum
1386 2773 1460 2858 plu-

185 2881 255 2946 rale
279 2899 411 2945 numero
431 2879 586 2965 singulari
608 2879 744 2963 oppositi
762 2879 928 2945 abundant
942 2873 1105 2966 exempli:
1132 2879 1201 2946 Cat.
1223 2879 1256 2950 6,
1273 2881 1305 2955 3,
1323 2877 1461 2968 bipost-

183 3007 289 3076 quum
308 2985 343 3051 in
358 3007 426 3050 rene
439 2985 563 3051 moenie
577 3006 763 3063 eoreoenere,
781 2983 909 3075 dispari
920 3006 1049 3073 penore,
1067 2984 1222 3052 dissimili
1233 2985 1364 3073 lirtpuu,
1377 2969 1461 3050 alius

184 3093 251 3160 alio
271 3113 361 3158 more
373 3091 541 3170 ‘uiuentem
559 3090 748 3158 incredibile
761 3104 1009 3161 memoretuest
1023 3113 1123 3178 qurum
1136 3090 1239 3181 focile
1264 3090 1458 3158 enutrierint.

184 3201 256 3280 Quo
272 3202 339 3266 loeo
354 3200 504 3266 Die-tschii
520 3199 689 3266 etlordani
705 3197 896 3285 scripturam
911 3197 973 3264 ulii
987 3197 1065 3276 ulio,
1090 3217 1127 3264 ex
1142 3199 1353 3265 deterioribus
1371 3197 1460 3265 codi-

184 3307 277 3374 cibus
296 3318 467 3393 sumptam,
489 3327 552 3380 non
577 3305 783 3383 servavimus,
807 3315 934 3372 auctore
950 3306 1144 3396 Gruendelio
1168 3307 1225 3398 (De
1242 3307 1318 3372 locis
1338 3306 1461 3390 aliquot

185 3407 1456 3500 Saltus'uanb);Sattusuusenimattiquescriptoressingutaremvocis¹«attus,

186 3539 357 3587 numerum
380 3541 450 3586 oum
473 3521 537 3585 alio
556 3541 630 3586 casu
651 3519 791 3605 ejusdem
817 3521 901 3593 vocis
923 3511 1127 3606 conjunctum
1147 3515 1375 3596 adhibuerunt,
1399 3539 1461 3604 quo

184 3649 260 3696 cum
282 3627 498 3694 diversitatem
520 3627 686 3693 bominum
705 3629 755 3692 vel
772 3645 893 3704 rerum,
912 3635 979 3693 tum
1002 3628 1160 3712 pluralem
1177 3645 1347 3708 numerum
1360 3626 1463 3711 expri-

184 3744 320 3814 merent,
338 3745 372 3814 ιιι
388 3743 472 3818 patet
484 3754 521 3800 ex
537 3734 577 3800 iis
591 3735 1014 3820 exemplisquaesequuntur
1031 3757 1037 3800 :
1057 3735 1125 3800 Cat.
1149 3735 1181 3810 3,
1201 3735 1232 3810 3,
1251 3743 1356 3819 neque
1372 3730 1462 3797 aliud

187 3843 253 3908 alio
271 3841 368 3930 ferri,
385 3861 489 3930 neque
502 3840 630 3908 mutari
646 3863 685 3907 oe
699 3840 830 3908 misceri
848 3841 960 3907 omniu
975 3862 1136 3918 eerneres;
1158 3841 1191 3919 6,
1210 3842 1243 3918 5,
1271 3851 1308 3905 ut
1322 3838 1466 3906 Rooteui
1535 3883 1540 3892 -

186 3947 280 4016 domi
292 3947 484 4036 militiaque
497 3947 616 4014 intenti
625 3947 798 4036 festinare,
809 3969 950 4038 parere,
974 3947 1057 4014 alius
1078 3949 1178 4036 alium
1195 3945 1387 4032 borteri.:.;
1405 3947 1459 4023 33,

185 4059 220 4133 3,
243 4075 307 4144 quo
329 4057 414 4120 inter
434 4077 467 4120 se
485 4053 549 4143 fidi
565 4055 672 4142 mepis
692 4055 922 4142 [orent,'alius
943 4056 997 4120 alii
1024 4054 1110 4120 lereti
1129 4053 1296 4142 facinoris
1322 4052 1445 4120 conscii
1452 4078 1460 4130 ;

186 4165 243 4240 53,
260 4163 314 4238 38,
331 4161 389 4228 sed
410 4161 528 4227 inertie
548 4174 579 4227 et
601 4159 743 4228 mollitie
766 4162 874 4227 aiztmt
888 4163 970 4228 alius
986 4161 1086 4228 alium
1106 4172 1313 4252 eupeetuntes
1327 4171 1463 4226 etinctu-

185 4268 373 4355 miui31ug.
404 4272 457 4344 13,
478 4269 510 4348 3,
531 4266 640 4356 repuli
661 4267 787 4334 intereo
806 4268 840 4335 in
859 4267 931 4334 loeo
952 4268 1151 4358 propinque
1184 4267 1347 4335 tltesuuris
1377 4268 1463 4335 alius

186 4379 253 4444 alio
268 4397 464 4453 eoncessum
477 4375 532 4454 53,
548 4376 582 4453 8,
604 4375 706 4462 ipitur
718 4396 782 4464 pro
792 4377 883 4442 metu
894 4386 1028 4465 repente
1042 4373 1206 4464 peudium
1225 4387 1388 4455 mutetur,
1405 4375 1464 4440 mi·

186 4485 261 4552 lites
277 4485 358 4550 alius
375 4484 475 4548 alium
491 4481 559 4548 laeti
572 4481 763 4572 appellent3
781 4485 835 4559 66,
854 4484 886 4561 3,
909 4484 1114 4550 centuriones
1139 4483 1351 4571 tribunosque
1374 4479 1463 4546 mili-

185 4591 269 4658 turis
285 4602 315 4656 el
334 4589 444 4680 ipsum
460 4589 660 4679 praesectum
676 4586 795 4679 oppidi
816 4593 850 4656 Τ.
875 4589 1059 4679 Turpilium
1076 4589 1229 4657 Silenum
1256 4590 1338 4654 alius
1362 4588 1462 4653 alium

184 4697 300 4764 domos
318 4719 395 4763 sum
416 4696 574 4774 inuitent;
592 4697 670 4762 Hist.
689 4719 711 4777 1,
730 4697 784 4774 15,
808 4699 862 4773 30,
880 4717 984 4784 neque
997 4696 1074 4784 jum
1090 4695 1172 4784 quid
1193 4695 1396 4762 existumetis
1418 4693 1458 4761 de

185 4805 257 4886 ille,
285 4803 343 4870 sed
357 4816 521 4893 qnantum
544 4802 694 4870 audentis
714 4826 837 4882 uereor,
853 4825 894 4870 ne
909 4804 995 4870 alius
1012 4805 1121 4870 alium
1130 4803 1317 4892 principem
1342 4823 1460 4892 cepeo-
