3534 5720
845 409 1042 468 -150-

212 577 219 592 ·
310 562 413 636 patur.
440 553 539 622 Plane
559 553 733 622 absurdum
758 553 896 641 proiecto
916 565 1008 633 esset,
1032 555 1058 622 si
1082 555 1155 643 quis
1181 543 1375 624 infinitivum
1392 557 1580 625 historicum

307 657 339 723 in
357 659 535 726 enunciatis
550 669 666 726 statum
683 662 825 747 aliquem
845 661 877 728 in
899 662 1058 747 praeterito
1081 661 1331 748 exprimentibus
1350 663 1500 730 adhibere
1517 667 1581 730 vel-

309 765 362 838 let,
381 777 415 831 at
430 766 499 832 Cat.
522 768 555 844 6,
570 768 603 845 6,
625 765 802 854 imperium
824 766 1031 856 lepitamum,
1048 789 1167 835 nomen
1186 767 1451 859 imperirepium
1476 769 1580 837 bobe-

307 869 402 951 bant;
421 870 546 946 delecti,
564 872 684 960 quibas
699 895 818 964 corpus
832 874 935 940 armis
954 873 1137 954 infirmum,
1155 874 1324 964 inpenium
1344 875 1510 966 sapientia
1524 899 1581 942 oo-

306 975 411 1044 lidum
427 991 510 1060 erat,
527 978 726 1066 reipublicae
736 979 984 1047 consultabant:
997 981 1029 1046 ei
1039 979 1093 1047 vel
1102 982 1257 1048 etateoel
1264 1005 1351 1050 cetrae
1362 982 1581 1050 similitudine

300 1096 419 1174 patres
446 1084 715 1174 appellabantur,
745 1099 776 1152 et
804 1087 975 1154 similibus.
1001 1089 1091 1154 Nunc
1115 1089 1410 1156 rerooonlerantur
1437 1092 1518 1170 loca,
1544 1101 1581 1156 ul

305 1193 374 1278 lug.
397 1194 450 1270 ll,
468 1194 500 1270 5,
528 1193 579 1257 uli
598 1195 717 1280 cuique
740 1192 886 1272 lubebat,
907 1183 949 1258 ab
964 1191 1066 1282 sipnis
1085 1193 1214 1275 oberat,
1235 1194 1486 1285 liaaepermircti
1504 1218 1579 1262 carm

305 1296 467 1364 militibus
482 1297 540 1364 clia
559 1312 722 1388 noctuque
745 1299 967 1387 amabantur,
984 1301 1181 1389 etpalantes
1203 1323 1298 1390 apros
1313 1314 1456 1383 vastare,
1483 1302 1579 1368 uillas

305 1424 508 1493 eapnpnnm,
523 1407 657 1498 pecoris
679 1419 710 1472 ct
727 1405 973 1497 mancipiorum
994 1406 1126 1496 predas
1150 1421 1311 1474 certantes
1338 1431 1448 1496 apere,
1474 1430 1581 1497 eaque

305 1522 435 1577 mutare
454 1534 529 1578 cum
555 1513 793 1580 mercatoribus
812 1515 888 1580 eino
909 1512 1081 1580 advectitio
1105 1497 1137 1581 el
1158 1514 1234 1581 aliis
1258 1514 1393 1597 talibus,
1415 1529 1581 1604 pretereo

302 1617 512 1704 frumentum
532 1619 665 1708 plublice
690 1619 806 1688 clatum
828 1619 978 1698 velociore,
997 1619 1184 1711 ponamin
1213 1619 1282 1688 alies
1320 1623 1474 1690 mercari.
1506 1625 1581 1690 Haec

305 1726 412 1791 omnia
434 1745 496 1792 uno
525 1727 699 1812 eodemque
723 1737 876 1813 tempore,
892 1728 1025 1794 dirersis
1046 1728 1122 1794 locis
1142 1729 1251 1807 simul,
1273 1729 1313 1794 ab
1329 1749 1393 1795 nno
1413 1732 1460 1795 vel
1482 1732 1581 1816 pluri-

306 1831 377 1912 bus,
399 1854 416 1898 a
432 1833 524 1918 copia
546 1834 659 1921 majori
675 1837 724 1900 rel
748 1835 864 1902 minori
885 1832 1033 1902 linearum
1047 1857 1123 1900 curn
1142 1834 1303 1901 militibus
1319 1837 1578 1924 permixtorum,

306 1939 437 2005 alternis
454 1941 576 2007 vicibus
591 1941 660 2007 fieri
677 1951 820 2027 possunt.
838 1941 897 2009 Ubi
912 1961 986 2008 vero
1002 1943 1173 2028 singularis
1195 1942 1488 2030 actio-designatur,
1506 1963 1580 2028 per·-

304 2047 421 2112 lectum
446 2059 590 2133 apparet,
614 2059 650 2114 ut
673 2049 705 2114 in
728 2049 930 2115 conclusione
949 2048 1045 2133 hujus
1068 2049 1150 2115 loci:
1172 2061 1339 2138 postremo
1364 2069 1582 2136 quaecumque

304 2151 371 2218 dici
382 2164 443 2218 aut
453 2153 539 2242 finpi
549 2153 822 2241 queuntipnaviae
830 2152 1039 2242 incuriaeque
1045 2154 1172 2244 probra
1184 2155 1217 2222 in
1232 2153 1288 2222 illo
1300 2154 1446 2222 exercitu
1459 2166 1581 2221 cancta

303 2265 396 2344 fuere
410 2270 442 2324 ct
454 2258 524 2325 alia
539 2260 695 2350 amplius.
718 2261 769 2327 Sic
787 2262 820 2326 in
837 2263 906 2328 Cat.
928 2262 983 2340 60,
1002 2263 1033 2342 l,
1052 2282 1108 2348 per
1123 2261 1297 2328 infinitivus
1313 2263 1479 2328 historicos
1492 2261 1579 2328 vide-

303 2387 374 2432 mus
389 2367 562 2433 Catilinam
578 2369 681 2433 varias
697 2368 835 2434 actiones
851 2388 916 2434 uno
931 2367 1105 2454 eodemque
1120 2378 1259 2456 tempore
1279 2369 1361 2434 mira
1381 2390 1452 2435 cum
1468 2371 1582 2435 veloci-

304 2483 367 2538 tate
388 2483 544 2559 agantem.
567 2475 606 2541 At
622 2474 653 2539 in
674 2475 736 2540 line
757 2474 846 2540 addit
868 2476 1004 2559 scriptor
1024 2475 1149 2561 aliquid
1164 2476 1250 2560 quod
1274 2485 1392 2541 statum
1408 2478 1514 2561 potins
1536 2477 1583 2541 in·

304 2579 398 2657 dicat,
416 2601 516 2666 quum
531 2581 608 2646 dicit
623 2604 630 2646 :
646 2580 774 2648 strenui
786 2580 900 2672 militis
919 2592 952 2648 et
965 2579 1044 2648 boni
1057 2581 1268 2671 imperatoris
1283 2581 1398 2671 officio
1412 2580 1516 2649 simul
1529 2605 1583 2648 aa·

304 2684 518 2775 sequebatur;
535 2687 642 2774 itaqua
658 2687 877 2774 imperfectum
896 2691 970 2776 jure
986 2703 1172 2776 usurpatur,
1190 2690 1245 2756 ubi
1275 2689 1453 2756 infinitivus
1476 2690 1582 2755 mirus

276 2872 278 2876 ι
307 2793 444 2879 prolecto
463 2805 554 2860 esset.
580 2794 627 2860 ut.
651 2795 721 2882 lug.
762 2795 817 2874 702,
839 2797 872 2876 2,
893 2806 924 2860 et
952 2796 1007 2875 96,
1042 2797 1075 2876 2,
1097 2797 1151 2861 ubi
1174 2796 1402 2882 consequentia
1423 2797 1581 2863 sactorum

306 2901 505 2986 singulorum
525 2902 574 2967 bis
593 2903 699 2968 verbis
720 2922 776 2988 per
796 2903 981 2986 perlectum,
1000 2915 1033 2968 ut
1056 2905 1175 2992 lactum
1197 2903 1352 2990 simplex,¹
1370 2903 1579 2988 exprimitur:

306 3005 426 3095 quibus
440 3006 536 3072 rebus
551 3019 582 3073 et
596 3007 723 3074 ortibus
739 3007 830 3074 breui
837 3007 947 3074 Mario
959 3007 1184 3097 militibusque
1195 3009 1396 3075 carissumus
1407 3009 1531 3097 sactus.

350 3112 431 3178 Sunt
451 3124 553 3179 tamen
570 3115 715 3200 quaedam
730 3115 797 3180 loca
813 3115 845 3180 in
862 3114 979 3200 quibus
994 3113 1152 3201 decipitur
1169 3115 1263 3190 ratio,
1281 3135 1381 3203 quum
1406 3116 1583 3202 perlectum

307 3220 707 3306 autpraesenshistoricum
724 3232 779 3288 aut
794 3221 889 3287 etiam
904 3222 1122 3306 imperfectum
1143 3233 1309 3308 appareat,
1325 3222 1378 3288 ubi
1403 3221 1582 3288 infinitivus

303 3327 375 3414 Jure
395 3327 600 3414 usurpandus
621 3327 778 3395 videatur.
806 3329 914 3416 Neque
939 3328 1007 3394 ideo
1028 3329 1206 3415 putandum
1231 3338 1277 3394 est
1295 3328 1359 3394 illis
1383 3328 1582 3414 temporibus

306 3433 448 3500 eamdem
469 3445 563 3520 atque
580 3434 740 3502 infinitivo
754 3434 1018 3521 significationem
1037 3436 1164 3521 vimque
1186 3435 1305 3513 inesse;
1322 3446 1396 3501 tunc
1411 3435 1495 3499 enim
1514 3455 1581 3500 rem

307 3541 372 3606 alia
387 3541 510 3608 ratione
530 3540 688 3609 intellexit
701 3553 811 3609 auctor
834 3553 952 3623 noster,
965 3562 1100 3629 eamque
1115 3562 1171 3607 nos
1193 3542 1297 3626 sequi,
1314 3561 1378 3607 non
1409 3553 1515 3606 antem
1538 3542 1582 3606 vi·

306 3652 458 3731 tuperare
472 3647 649 3730 debemus;
673 3650 855 3715 conferatur
869 3671 917 3715 ex.
939 3669 987 3736 gr.
1009 3651 1080 3734 lug.
1103 3650 1157 3729 50,
1181 3650 1287 3715 icum
1304 3650 1358 3722 55„
1382 3649 1413 3714 l.
1432 3649 1582 3715 Ceterum

306 3753 380 3818 satis
398 3773 473 3818 rara
494 3766 567 3819 sunl
590 3775 628 3821 ea
644 3757 713 3822 loca
732 3777 804 3841 quae
829 3755 939 3841 positis
954 3777 1052 3841 supra
1071 3756 1188 3841 regalis
1214 3774 1393 3842 repugnare
1414 3754 1580 3835 videntur,

307 3880 378 3948 quaa
393 3858 523 3945 quidem
538 3862 644 3928 studio
669 3862 814 3929 variandi
841 3865 1016 3929 orationem
1042 3863 1418 3956 inductamSallustium
1438 3863 1482 3928 sic
1497 3881 1581 3928 com-

306 3967 448 4052 posuisse
466 3967 546 4033 nihil
565 3970 668 4035 obstat
687 3971 765 4056 quin
783 3979 939 4055 putemus,
957 3989 1014 4035 nec
1040 3969 1072 4034 in
1097 3969 1295 4056 explicandis
1322 3969 1478 4059 ejusmodi
1505 3968 1581 4034 locis

230 4157 232 4162 Ι
305 4074 456 4140 subtilius
472 4074 626 4142 disserere
643 4077 683 4142 ad
698 4075 908 4142 excusandam
931 4087 1097 4142 structurae
1113 4077 1293 4142 varietatem
1312 4095 1437 4141 neccsse
1452 4087 1509 4140 est.

350 4183 383 4246 5⁰
407 4184 454 4248 Do
465 4181 564 4270 salsis
579 4182 833 4272 exceptionibus.
851 4221 896 4236 -
908 4186 1039 4269 Semper
1056 4183 1087 4248 in
1104 4184 1273 4250 enunciata
1292 4183 1458 4269 primario,
1476 4201 1581 4266 nequa

307 4287 337 4352 in
357 4289 424 4354 ullo
440 4290 519 4363 aliar
536 4291 685 4376 usurpari
707 4289 902 4356 infinitivum
924 4290 1109 4356 historicum
1125 4311 1222 4378 supra
1238 4290 1479 4356 affirmavimus.
1499 4289 1582 4354 Sunt

307 4403 411 4460 tamen
435 4397 466 4460 in
491 4395 619 4481 scriptis
640 4397 846 4463 sallustianis
861 4410 923 4462 tres
944 4397 1002 4462 loci
1020 4397 1074 4484 qui
1096 4417 1165 4463 eam
1191 4397 1332 4483 regulam
1352 4395 1514 4461 infirmare
1531 4395 1582 4458 ri-

306 4499 462 4567 deantur:
480 4503 535 4568 sed
553 4504 584 4570 in
600 4503 646 4569 eis
661 4523 787 4589 quoque
804 4503 880 4569 locis
893 4504 1099 4570 enunciatum
1115 4504 1306 4590 primarium
1320 4522 1394 4568 rere
1410 4503 1511 4567 inesse
1529 4501 1582 4566 da-

307 4605 389 4672 oebit
405 4610 582 4676 accuratior
592 4610 780 4676 observatio.

355 4715 386 4778 l⁰
410 4717 480 4798 lug.
507 4719 581 4796 tob,
611 4719 642 4795 l,
669 4715 736 4806 ipse
762 4728 912 4784 armatus
936 4717 1155 4804 intentusque,
1182 4715 1259 4780 item
1282 4712 1402 4782 milites
1423 4711 1579 4801 copelat3
