3534 5720
681 348 880 404 —tae-

134 489 269 554 aTacite
283 497 525 573 usurpatusest,
545 489 597 570 (cl.
609 487 784 564 Gantrelle,
802 487 942 552 Gremm.
959 500 990 551 et
1004 488 1084 572 style
1099 487 1137 552 de
1153 489 1270 568 Tacite,
1287 510 1315 573 p.
1338 491 1403 572 la),

132 596 233 661 rarior
257 606 288 660 et
303 597 391 681 quasi
412 595 561 660 beesitons
585 593 669 679 apud
689 595 874 660 Ciceronem
891 591 1034 679 aliosque
1059 614 1164 660 aureae
1184 595 1285 660 etatis
1303 597 1405 682 serip-

134 714 211 768 tores
227 703 377 780 occurrit,
399 721 434 768 ac
451 722 511 766 non
531 712 593 766 tam
609 701 790 768 Graecorum
808 701 979 766 imitationi
994 720 1093 785 qnam
1112 701 1258 788 objectivi
1272 703 1403 786 genitivi

133 811 162 873 in
176 809 385 894 subjectivum
402 809 570 874 mutationi
589 807 696 872 deberi
717 807 851 872 videtur.
876 809 973 892 Cujus
989 807 1073 892 apud
1095 808 1284 874 Sallustium
1305 791 1402 874 unvirn

25 897 26 936 ³
131 915 188 979 hac
203 916 387 1000 exemplum
403 915 524 992 notavi,
541 915 609 980 Cat.
632 916 686 992 32,
705 915 742 991 ᾖ,
758 913 906 1001 naejores
927 925 1083 992 oestrum,
1104 915 1155 978 ubi
1173 925 1319 980 vostram
1334 937 1403 982 aue·

25 1009 26 1050 ³
131 1021 256 1086 taritate
270 1022 365 1087 Gellii
384 1023 450 1104 (xx,
464 1021 511 1106 5),
525 1021 744 1086 confirmatur.
761 1019 932 1086 ,lnbaltius
945 1030 1050 1085 temen
1065 1022 1256 1106 scripturam
1269 1023 1402 1108 optirna-

131 1149 200 1192 rum
218 1128 363 1193 codicum
379 1127 478 1192 vestri
491 1128 680 1193 servandam
700 1138 806 1193 censet
826 1128 862 1213 (l.
888 1129 909 1192 l.
932 1147 964 1213 p.
987 1127 1057 1212 Ἡ).

172 1235 357 1302 Genitivum
380 1255 454 1300 vero
477 1233 676 1322 abjecticium
700 1235 874 1320 saepissime
903 1243 1037 1319 usurpat
1057 1235 1312 1301 Sallustiuseum
1330 1256 1403 1322 pra·

129 1341 314 1407 nominibus
331 1361 473 1428 personae
487 1363 493 1404 :

169 1451 295 1515 Nasam.
325 1486 366 1496 -
390 1447 587 1514 Memoriam
606 1446 712 1511 nostri
725 1468 829 1532 param
845 1445 992 1512 maxime
1016 1445 1149 1536 lappam
1168 1448 1299 1536 afficere
1317 1452 1398 1536 (Cat.

129 1577 149 1634 1,
167 1558 220 1640 3);
237 1553 342 1620 nostri
346 1551 503 1643 proditer
520 1554 613 1636 (illst.
632 1573 654 1632 1,
677 1555 732 1630 5l,
752 1554 819 1638 le).

169 1663 295 1729 Vasnnv.
321 1697 365 1709 -
388 1662 476 1728 Nam
491 1657 702 1746 siparrieida
719 1658 820 1724 vostri
832 1681 906 1724 sarm
929 1659 1022 1744 (Hist.
1045 1661 1149 1741 11,50,
1167 1662 1212 1744 3).

167 1771 327 1854 Nostrum
343 1777 373 1832 et
391 1777 537 1833 nastrum
554 1766 672 1831 formas
694 1766 724 1830 in
740 1753 888 1852 genitivis
905 1767 1064 1852 partitivis
1081 1767 1222 1847 adhibet,
1236 1789 1401 1855 nunquam
1450 1851 1453 1858 Ι

129 1895 196 1940 vero
218 1876 251 1940 in
267 1875 415 1960 genitivis
431 1873 605 1960 abjectivis.
629 1872 700 1939 Mei
720 1883 750 1938 et
766 1873 817 1938 tui
838 1875 965 1939 nullum
987 1886 1033 1940 est
1053 1876 1182 1940 omnino
1205 1877 1397 1961 exemplum.

171 1983 237 2048 Sur.
257 2018 307 2054 ,-
330 1983 346 2046 J
351 2001 401 2064 ng.
417 1981 472 2059 80,
490 1981 521 2056 3,
535 1980 793 2068 preterearepia
812 1979 1121 2068 liaeelaipraeamas
1134 2018 1179 2030 -
1194 1980 1240 2046 ad
1253 1981 1399 2048 studium

129 2089 177 2154 sui
186 2086 347 2176 perclaruit
355 2111 362 2166 ;
382 2089 453 2172 lug.
472 2087 528 2166 85,
542 2087 595 2165 38,
615 2085 810 2151 memoriam
824 2086 876 2152 aui
883 2085 1084 2174 preclaram
1101 2086 1285 2176 (reliquere)
1296 2113 1304 2168 3
1317 2091 1396 2156 llist.

129 2217 159 2274 ιι,
180 2197 236 2276 69,
254 2206 360 2260 terror·
373 2191 520 2258 hostibus
543 2215 583 2256 eae
602 2191 730 2280 fidrreia
749 2193 801 2258 sni
815 2191 959 2272 incessit3
984 2195 1064 2259 Hist.
1084 2216 1125 2270 vv,
1148 2197 1202 2274 5t,
1228 2195 1399 2284 eaalepnm

128 2302 285 2368 minorem
310 2311 341 2365 et
365 2300 419 2365 srvi
443 2299 601 2366 cultorem
628 2299 815 2386 expectatis.
845 2301 906 2384 (ds.
929 2300 1009 2366 llist.
1028 2323 1051 2380 1,
1073 2303 1127 2377 tt,
1144 2314 1248 2366 metus
1262 2303 1401 2390 Pompei

128 2407 282 2493 viatoris).
315 2407 470 2473 Similiter
500 2407 618 2474 Seneca
655 2407 789 2472 libenter
817 2408 991 2492 genitivam
1024 2407 1165 2482 rellexivi
1201 2410 1398 2494 pronominis

130 2526 270 2602 usurpat.
1217 2499 1218 2504 ἵ

165 2625 199 2688 F.
228 2657 272 2672 -
295 2622 464 2687 Ganvrvvus
488 2641 712 2686 aasnnre'rrvus.
735 2655 779 2670 -
802 2621 969 2687 Genitivus
994 2621 1216 2707 deser-ipanus,
1233 2623 1259 2686 si
1276 2621 1397 2689 llladvi-

128 2729 344 2814 gia(Gvan1m.
370 2730 424 2793 lat.
442 2729 458 2811 ξ
482 2727 558 2803 ⁶287,
576 2727 658 2792 lldn.
678 2727 726 2812 a),
744 2725 822 2792 sides
843 2727 1024 2794 adhibenda
1039 2740 1097 2807 est,
1113 2728 1151 2793 ab
1167 2727 1312 2794 ablativa
1328 2727 1397 2794 des-

130 2835 261 2923 criptiva
275 2835 308 2899 in
326 2855 362 2900 ea
383 2833 489 2899 differt
504 2832 589 2918 quad
612 2833 711 2917 magis
730 2833 866 2918 speciem
882 2843 1077 2900 etnaturnm
1091 2835 1221 2920 subjecti
1240 2835 1407 2921 designat,

128 2942 280 3008 ablativus
290 2954 368 3006 'vero
380 2961 429 3005 res
443 2940 607 3024 adjunctas
623 2940 763 3026 subjecto
778 2941 884 3024 polius
897 2941 1059 3007 illustrare
1070 2927 1209 3006 videtur.
1221 2941 1397 3008 Fatendum

128 3060 170 3114 est
185 3048 260 3115 loeis
278 3047 437 3134 plerisque
454 3048 622 3132 paululum
636 3048 685 3111 vel
708 3045 787 3111 nihil
810 3046 996 3112 differentiae
1014 3048 1046 3112 in
1066 3048 1234 3134 utriusque
1248 3069 1339 3114 casus
1353 3047 1397 3113 si-

130 3155 324 3235 gnificatione
342 3155 455 3230 inesse,
476 3154 520 3220 ita
545 3155 626 3220 utin
649 3153 759 3218 eodem
774 3154 940 3220 enuntiata
964 3155 1124 3220 interdum
1149 3165 1282 3240 uterque
1308 3154 1397 3220 inve-

25 3273 27 3308 ?
130 3263 241 3340 niutan,
258 3271 291 3325 ut
312 3261 391 3325 l-list
418 3261 496 3344 frag.
520 3261 581 3326 ine.
610 3262 663 3340 ll,
686 3263 830 3340 [Lenaeus
853 3261 1044 3328 Sallustium
1077 3262 1176 3348 quad]
1202 3262 1397 3350 Pompeiam

25 3413 27 3424 .
130 3366 188 3432 aris
207 3365 364 3456 improbi,
381 3365 493 3432 animo
509 3365 724 3432 ivveereeamdo
743 3367 935 3454 [scripsisset
950 3368 1153 3434 acerbissima
1168 3369 1266 3434 satira
1283 3371 1396 3434 lacera-

130 3474 196 3558 vill,
218 3475 270 3539 ubi
298 3474 448 3552 vidimus,
471 3483 506 3539 ut
527 3477 605 3539 solet
633 3475 718 3559 apud
744 3476 864 3560 priores
889 3476 981 3540 banea
1003 3475 1297 3561 aetatis-scriptores
1314 3475 1395 3554 fieri,

130 3581 294 3664 genitivum
321 3581 461 3684 eorporis
491 3582 623 3647 virtutes
661 3583 772 3665 (genus
800 3601 928 3667 quaque
957 3594 987 3647 et
1015 3582 1188 3668 speciem),
1221 3582 1396 3647 ablativum

25 3751 27 3768 ,
131 3685 219 3751 animi
237 3687 326 3752 dates
340 3698 370 3751 et
395 3687 580 3754 interiorem
599 3697 748 3753 naturam
769 3690 874 3773 potius
893 3689 1070 3775 designare.
1089 3690 1129 3754 nr
1151 3689 1182 3754 in
1199 3690 1257 3754 bac
1273 3691 1397 3755 Cicero-

133 3792 597 3880 nis,raeqavemoraereteeadea
621 3795 782 3878 praestanti
801 3795 973 3880 prudentia
990 3795 1182 3876 vimmaco
1200 3795 1398 3882 confirmare

131 3900 248 3964 maximi
260 3900 360 3965 animi
376 3899 556 3978 bominem,
568 3892 753 3966 diflicileest
769 3901 982 3966 differentiam
999 3923 1129 3971 casuum
1145 3902 1393 3987 deprehendere.

150 3999 203 4071 'G.
229 4043 272 4056 -
296 4008 465 4073 anvrvvus
490 4029 547 4073 ann
571 4029 754 4073 onnuvovvo.
781 4045 826 4057 -
849 4010 1047 4093 Frequenter
1068 4019 1200 4093 usurpat
1224 4008 1397 4074 Sallustius

133 4113 296 4195 genitivum
311 4114 500 4179 substantivi
518 4135 551 4179 aa
572 4113 738 4200 gerundivi
759 4115 886 4180 averbo
902 4137 967 4180 esse
980 4116 1028 4180 vel
1050 4135 1196 4200 expresso
1211 4117 1260 4180 vel
1281 4115 1397 4180 omisso

135 4219 324 4300 pendentem,
356 4220 411 4306 qui
435 4219 575 4306 quidem,
605 4231 638 4285 ut
662 4221 774 4286 Kritzii
799 4223 903 4286 verbis
924 4232 1008 4300 utar,
1031 4221 1188 4306 significat
1208 4221 1332 4308 aliquid
1353 4223 1398 4287 ila

134 4336 340 4410 comparatum
360 4347 438 4403 esse,
454 4338 489 4392 ut
503 4327 541 4392 ad
558 4348 627 4392 earn
642 4348 709 4392 rem
725 4349 796 4412 quae
816 4329 955 4414 genitiva
971 4329 1155 4395 enuntietur
1170 4328 1396 4414 perficiendam

133 4441 240 4513 spectet
265 4455 302 4498 aa
325 4435 492 4520 pertineat.
516 4433 613 4520 Cujus
636 4436 881 4500 constructionis
899 4447 971 4500 ante
991 4446 1116 4502 aetatem
1142 4436 1210 4521 ejus
1236 4455 1398 4520 perpauca

135 4536 265 4622 evemplo
290 4550 364 4604 sant
387 4541 508 4625 (Plani.
526 4541 608 4606 Rau.
631 4563 662 4618 v,
685 4541 717 4619 3,
740 4543 793 4621 l8,
809 4539 1056 4629 jaasjarnadam
1071 4543 1120 4607 rei
1133 4541 1314 4620 servande,
1331 4549 1397 4621 aava
1423 4607 1430 4622 ‚

135 4641 297 4730 perdenda
311 4645 479 4712 canditum
500 4651 572 4736 ese),
597 4650 680 4733 apud
696 4649 878 4714 Ciceronem
894 4670 966 4714 vero
983 4650 1045 4713 dua
1068 4659 1189 4714 tantum
1206 4650 1393 4714 laudantur:
1456 4676 1459 4682 ·
