3666 5724
901 456 1007 514 -72

355 613 459 668 lantes
478 610 554 666 ante
576 598 814 688 capiamini...
837 620 939 688 qaam
958 610 1094 690 captam
1125 599 1173 666 ire
1192 577 1306 666 licet...
1328 600 1415 668 Adde
1433 601 1530 667 etiam
1549 603 1623 686 lug.

356 709 431 783 lut,
453 709 486 784 ἓ,
512 705 570 772 sed
590 704 671 795 qaia
692 703 818 772 divorsi
840 703 1010 771 redeuntes
1033 708 1115 772 alius
1138 704 1180 771 ab
1198 708 1262 772 aliu
1279 719 1376 795 parte
1391 721 1490 794 atque
1514 727 1627 774 omnes

354 813 440 880 idem
453 810 746 902 sr'pnifioobont...;
763 813 818 890 50,
838 813 871 887 5,
890 811 1052 898 equites...
1071 833 1137 878 non
1155 813 1324 902 confestim
1341 835 1445 902 nequeo
1464 814 1500 879 in
1518 835 1625 880 anam

353 942 419 988 sese
439 918 653 1014 reoivielroat,
669 916 727 985 sed
740 919 824 985 alius
840 919 903 984 aliu
917 939 1020 1005 quam
1039 917 1184 986 maaime
1203 918 1336 986 divorsi.

396 1028 504 1114 Neque
533 1028 637 1093 ullum
666 1025 826 1092 invenitur
853 1025 1097 1091 constructionis
1126 1026 1215 1092 illins
1243 1047 1315 1092 cum
1345 1026 1463 1112 plurali
1493 1047 1627 1092 numeru

354 1135 545 1219 exemplum.
568 1134 758 1218 Magnnpere
782 1131 912 1218 quidem
934 1132 1053 1198 erravit
1071 1133 1211 1198 Kritzius
1231 1133 1316 1218 quod
1341 1133 1395 1217 (ad
1419 1135 1488 1200 Cat.
1520 1135 1553 1210 6,
1575 1135 1625 1218 2),

353 1242 438 1308 vocis
456 1267 468 1298 ι
488 1238 573 1304 alias
593 1267 604 1299 ι
629 1239 685 1305 illo
698 1237 790 1305 modo
804 1237 854 1304 bis
868 1239 962 1323 positi
985 1239 1204 1324 predicatum,
1220 1259 1283 1304 nnn
1300 1240 1400 1306 luruua
1419 1242 1629 1324 grammatica

354 1347 408 1412 sed
431 1365 525 1412 sensu
544 1355 694 1431 spectato,
717 1353 797 1412 recte
816 1345 931 1431 plurali
956 1365 1088 1412 numero
1108 1346 1270 1412 enuntiari
1297 1366 1385 1432 posse
1401 1346 1492 1414 dixit.
1513 1347 1549 1414 ln
1571 1348 1629 1412 illo

345 1454 451 1530 enim,
469 1453 550 1519 sicut
564 1463 595 1518 et
615 1452 646 1517 in
667 1452 740 1518 aliis
758 1451 940 1539 hujusmodi
957 1453 1126 1538 exemplis,
1143 1453 1275 1519 minime
1295 1455 1334 1518 ad
1349 1452 1555 1540 predicatum
1575 1453 1628 1520 di-

355 1559 523 1644 rigendum
540 1558 723 1639 nimbata,
747 1558 801 1625 sed
817 1558 910 1626 unice
930 1559 1117 1640 adnomen,
1139 1559 1178 1626 de
1200 1580 1263 1644 quo
1284 1560 1407 1646 aliquid
1424 1551 1626 1638 enuntiatur,

354 1666 503 1752 pertinet.

398 1772 489 1852 Quod
506 1771 546 1838 ed
560 1790 667 1838 vocem
689 1772 856 1859 repetitam
875 1770 960 1838 alter
983 1773 1133 1858 pertinet,
1150 1774 1275 1839 nullum
1293 1773 1502 1860 appositionis
1523 1792 1628 1838 exem-

356 1881 444 1964 plum
470 1879 555 1963 apud
576 1878 766 1945 Sallustium
791 1877 917 1957 inveni3
935 1889 967 1944 at
990 1879 1149 1944 nonnulla
1170 1880 1294 1944 numeri
1321 1879 1458 1964 pluralis
1478 1881 1628 1964 exempla

355 1996 428 2051 suut
445 1982 594 2070 (alteri...
613 1983 763 2070 alteros),
782 1986 900 2071 qulbus
922 2005 1095 2070 pronomen
1112 1983 1206 2050 alteri
1232 2005 1288 2071 pro
1307 1987 1447 2070 subjecto
1464 1986 1596 2072 punitur
1618 2007 1627 2053 :

311 2112 313 2116 ’
353 2094 497 2178 lapte,
523 2093 810 2172 t;53‚7;79‚·t.

400 2202 433 2266 4⁰
449 2199 556 2265 Auru...
576 2221 659 2279 uuus,
681 2219 796 2265 runs...
813 2219 886 2277 auur,
908 2219 1022 2264 rans..
1038 2220 1126 2280 rnns3
1143 2221 1244 2265 nauus
1270 2220 1354 2264 runs.
1369 2233 1415 2248 -
1429 2199 1630 2264 Substantivi

358 2333 369 2364 ι
390 2327 472 2393 pars
490 2333 502 2365 ι
521 2306 712 2372 constructio
732 2305 893 2372 variorum
910 2325 1062 2392 generum
1081 2308 1226 2391 exempla
1243 2307 1380 2391 preuhet:

398 2434 430 2477 a.
461 2414 500 2478 Et
533 2413 672 2498 primum
696 2431 734 2478 eu
757 2411 996 2478 consideremus
1025 2411 1200 2499 inquibus
1227 2441 1238 2472 ι
1258 2434 1378 2502 pars»
1412 2429 1527 2478 nomen
1554 2431 1628 2478 cum

356 2519 540 2605 pronomine
566 2519 683 2604 plurali
711 2517 796 2604 (olii,
817 2517 1057 2608 maltipovoi,
1078 2519 1154 2604 ete),
1177 2519 1227 2584 cui
1250 2531 1442 2605 opponatur,
1464 2518 1626 2604 juugitur,

352 2647 423 2690 curu
446 2636 617 2710 utrumque
635 2625 675 2690 ad
695 2626 871 2712 subjectum
893 2626 1016 2710 plurale
1035 2645 1090 2710 per
1106 2625 1339 2710 appositionem
1357 2627 1511 2712 pertineat
1529 2647 1537 2690 :
1554 2625 1624 2689 Cat.

351 2733 384 2804 2,
403 2734 435 2811 l,
452 2730 555 2818 ipitar
574 2730 667 2796 initio
686 2751 819 2820 repes...
838 2730 962 2797 divorsi
987 2751 1059 2816 pars
1083 2730 1264 2820 inperviam,
1283 2731 1339 2796 alii
1359 2753 1477 2818 corpvs
1497 2752 1630 2797 everae-

352 2835 449 2918 bant;
463 2839 531 2904 Cat.
551 2839 605 2914 te,
618 2839 650 2915 5,
669 2839 723 2902 alii
736 2859 803 2904 rem
820 2837 1040 2904 incredibilem
1054 2839 1126 2916 rati,
1140 2859 1225 2924 pars,
1241 2837 1372 2904 tametsi
1383 2859 1496 2904 veram
1507 2836 1627 2904 erista·

351 2941 501 3018 molant,
528 2955 637 3008 tomen
660 2943 741 3032 puio
765 2943 798 3008 iu
833 2943 894 3010 toli
925 2957 1070 3033 teorpore
1090 2956 1184 3010 tanta
1208 2943 1416 3012 visuomr'ats
1444 2943 1551 3030 acopis
1576 2940 1626 3006 l-

351 3048 480 3115 aivrada
493 3072 596 3137 qaam
616 3048 819 3138 evopiturida
832 3048 1018 3127 videbatur,
1038 3049 1193 3140 plerique
1210 3052 1327 3117 Crasso
1343 3071 1384 3116 ea
1395 3049 1533 3138 nepotiis
1542 3049 1625 3140 pri-

352 3155 436 3222 vatis
455 3154 592 3220 obruoaii
618 3155 828 3224 conolovroat
848 3154 987 3222 indicem
1015 3155 1142 3246 salsam
1167 3177 1249 3235 esse;
1274 3159 1345 3238 lup.
1373 3158 1428 3234 50,
1458 3159 1491 3234 7,
1513 3153 1624 3234 cereri,

352 3283 483 3350 qaroqao
499 3261 597 3328 modo
609 3275 764 3353 pulvere,
784 3265 874 3348 plauci
897 3262 1028 3350 intepri,
1048 3284 1164 3350 magna
1181 3284 1253 3350 pars
1267 3262 1454 3330 volneribus
1472 3263 1623 3347 consecti,

349 3367 482 3434 abortat.
497 3370 544 3436 Gi.
556 3372 628 3454 lug.
645 3369 746 3450 l3,8;
760 3371 813 3448 el,
827 3370 866 3434 le
877 3370 1005 3454 (pars...
1018 3370 1116 3436 alii...
1130 3351 1375 3456 pleriqueljllt,
1387 3372 1402 3442 l
1414 3396 1422 3449 ;
1436 3371 1504 3438 Cat.
1518 3370 1572 3448 38,
1583 3369 1622 3447 3;

349 3477 429 3540 Hist.
448 3497 496 3550 ru,
518 3477 572 3552 78,
590 3477 707 3562 quibus
728 3478 874 3542 omnibus
888 3477 976 3556 lucis,
999 3496 1070 3542 curn
1091 3477 1222 3544 unicum
1241 3478 1372 3542 verburn
1388 3477 1441 3553 sit,
1469 3477 1622 3541 alterum-

314 3653 317 3660 ,
349 3603 411 3666 que
426 3602 461 3648 ex
473 3582 623 3668 subjectis
640 3582 759 3668 plurali
778 3603 908 3648 numero
926 3573 1128 3661 adhibeatur,
1142 3585 1409 3670 verbumquoque
1427 3582 1544 3668 plurali
1561 3603 1625 3646 nu-

351 3707 438 3754 mero
458 3688 607 3774 usurpari
622 3709 748 3755 necesse
768 3699 825 3755 est.

282 3861 287 3872 ,
397 3793 427 3861 b.
458 3795 670 3882 Sequentlhus
699 3795 787 3868 locis,
821 3795 943 3860 tametsi
975 3795 1107 3861 verbum
1133 3815 1232 3867 unum
1262 3804 1316 3862 aut
1342 3797 1434 3882 plura
1464 3795 1624 3862 infinitivo

351 3900 501 3966 historico
517 3901 722 3983 adhibentur,
739 3903 896 3987 pluralem
911 3921 1080 3968 numerum
1096 3914 1285 3987 usurpatum
1301 3902 1398 3968 luisse
1419 3904 1623 3990 perspicuum

349 4019 407 4086 est,
431 4027 502 4074 eum
522 4016 578 4074 aut
596 4008 836 4078 ,substantivum
857 4009 1077 4095 (participium
1094 4029 1130 4074 ve
1157 4007 1196 4076 ad
1220 4011 1382 4096 praegressi
1404 4009 1524 4094 periodi
1545 4009 1624 4074 sub-

348 4115 520 4180 stantivum
537 4113 712 4200 pertinens)
731 4115 822 4181 initio
837 4115 994 4182 enuntiati
1012 4116 1150 4201 positum
1165 4115 1206 4182 sit
1224 4117 1341 4200 plurali
1358 4135 1490 4182 numeru
1510 4124 1541 4180 et
1564 4135 1622 4200 pro

349 4221 490 4306 subjecto
505 4221 602 4287 totius
629 4222 860 4288 enuntiationis
884 4222 1051 4298 habeatur,
1077 4222 1369 4308 autssparticiplum
1395 4223 1521 4306 plurale
1553 4223 1620 4288 voci

353 4353 364 4386 ι
383 4347 495 4415 pars»
517 4326 710 4414 adjungatur
732 4351 739 4394 :
760 4329 832 4412 lug.
855 4329 911 4408 57,
928 4330 959 4404 l,
980 4327 1135 4398 Romani.
1145 4348 1213 4416 pro
1230 4325 1361 4416 inqenio
1381 4319 1529 4416 quisque,
1548 4347 1622 4412 pars

349 4433 476 4500 eminus
493 4431 615 4522 plaude
628 4445 689 4500 avt
703 4433 869 4523 lapidibus
876 4456 1046 4525 propriore,
1065 4436 1117 4500 alii
1133 4432 1304 4500 sarocedere
1320 4456 1361 4500 ,oc
1376 4456 1510 4500 maram
1523 4417 1622 4500 modo

347 4537 510 4628 suffodere
524 4537 621 4608 modo
635 4540 732 4606 scolis
752 4540 906 4628 appredi;
922 4544 993 4626 lug.
1021 4542 1075 4616 32,
1097 4529 1129 4617 3,
1153 4540 1250 4629 [vere
1269 4539 1331 4628 qai
1355 4562 1438 4606 oraro
1468 4541 1626 4630 conrapti

348 4644 537 4730 elephantos
550 4647 722 4734 larpurtluee
738 4645 915 4726 traderent,
933 4648 988 4714 alii
1001 4647 1165 4736 persapos
1179 4645 1327 4725 uendere,
1349 4669 1420 4732 pars
1435 4669 1475 4711 ev
1486 4647 1623 4736 pacatis

348 4751 445 4818 relus
455 4751 588 4841 prades
601 4753 761 4842 opelant3
783 4757 855 4839 lug.
877 4756 932 4835 58,
949 4756 982 4833 Ξ,
1002 4766 1038 4820 at
1052 4752 1158 4820 nostri
1173 4753 1340 4842 repentino
1365 4768 1455 4819 meta
1474 4751 1625 4842 perculsi
