3576 5724
871 411 1071 466 ..246-

330 573 437 622 amore
450 553 641 642 exquisitior
656 552 830 631 rideretur,
851 551 937 639 quod
952 563 1093 618 veterum
1109 553 1374 639 vituperationem
1390 553 1539 620 acerbam
1554 573 1612 618 ox·

332 661 451 748 plicare
466 671 580 749 potest.

374 770 464 836 Nunc
484 787 558 834 vero
577 787 641 854 quo
662 785 761 854 usque
786 775 894 852 pateat
920 765 1005 852 apud
1031 767 1222 833 Sallustium
1243 767 1420 851 priscorum
1440 777 1612 834 auctorum

332 875 468 942 imitatio
499 873 608 960 paucis
635 873 852 959 exquiramus.
884 873 1071 954 Gerlacbius
1095 873 1230 960 cogitato
1256 873 1389 940 consilio
1415 875 1613 942 archaismos

331 1002 428 1069 qnam
449 980 605 1067 plurimos
633 979 786 1046 Sallustio
816 979 992 1046 attribuere
1014 981 1157 1058 tentavit,
1179 981 1343 1066 multaque
1365 981 1502 1046 calorem
1523 980 1611 1046 anti·

330 1107 430 1177 quum
451 1085 594 1154 redolere
609 1085 782 1166 contendit,
799 1105 871 1172 qun
885 1105 962 1156 sane
984 1087 1045 1152 hae
1062 1087 1272 1173 explicatione
1291 1086 1492 1155 nullomodo
1515 1099 1612 1172 egent

331 1198 449 1264 Contra
478 1193 660 1260 Scbultaius
688 1204 788 1278 quam
821 1193 1012 1278 paucissima
1034 1193 1211 1260 archarismo
1234 1194 1385 1260 Sallustio
1416 1193 1546 1272 tribuit,
1575 1214 1614 1260 ac

331 1303 437 1378 nescio
453 1321 493 1368 an
511 1302 543 1368 in
565 1301 762 1366 eontrarium
777 1299 920 1366 studium
935 1299 1082 1366 inciderit
1102 1301 1124 1366 ¹.
1146 1301 1225 1366 Nam
1246 1301 1300 1368 ubi
1322 1300 1454 1386 aliquod
1475 1300 1609 1369 verbum

331 1408 417 1496 apud
432 1409 615 1476 Ciceronem
632 1417 687 1474 aut
710 1406 834 1486 Livium
853 1419 908 1474 ant
924 1408 1026 1474 alium
1041 1408 1159 1474 bonum
1174 1407 1359 1492 scriptoram
1377 1409 1427 1476 vel
1442 1409 1537 1482 semel
1553 1427 1606 1474 oc·

330 1515 444 1594 currit,
462 1514 544 1581 illud
557 1512 789 1602 jureprt‘scnrn
804 1515 964 1580 nominari
981 1533 1071 1601 posse
1085 1525 1195 1600 nagan
1214 1514 1289 1582 item
1304 1513 1377 1597 (sad.
1388 1515 1520 1594 rectius,
1531 1533 1618 1588 mea.

330 1621 500 1705 sententia)
522 1621 606 1686 inter
626 1621 819 1688 archaismos
850 1641 914 1686 non
934 1630 1082 1689 numerat
1101 1631 1221 1708 valeres
1240 1621 1358 1706 legum,
1381 1621 1613 1707 1111111ῐί1111-

330 1729 434 1805 cendi,
457 1737 513 1794 aut
528 1728 717 1814 reipublice
738 1727 1002 1800 administranda
1022 1729 1189 1795 formulas.
1213 1729 1303 1814 Ipsos
1322 1747 1396 1796 vero
1413 1728 1612 1798 archaismos

330 1855 430 1923 quum
446 1855 505 1902 sno
520 1854 663 1922 quosque
684 1836 751 1903 loco
767 1835 995 1915 notaverimus,
1012 1835 1062 1901 bic
1074 1854 1263 1901 enumerare
1273 1853 1341 1900 non
1357 1853 1482 1902 amasse
1501 1850 1561 1900 est.

348 1991 351 1996 .
375 1941 407 2008 d.
433 1979 478 1994 -··
501 1943 549 2008 1111
573 1941 703 2010 Catonis
722 1941 934 2008 imitationem
958 1941 1193 2027 quodrattinat,
1219 1943 1285 2009 haec
1313 1925 1437 2010 tantum
1460 1943 1611 2027 exempla

331 2049 513 2116 Scltultaius
523 2045 679 2115 admittit:
691 2048 821 2137 frustra
832 2069 897 2114 esse
909 2050 954 2135 (et
964 2049 1029 2118 alia
1040 2049 1192 2128 adverbia
1202 2069 1275 2118 cnm
1286 2048 1381 2116 verbo
1392 2066 1459 2116 asse
1467 2049 1608 2136 juncta),

330 2155 531 2242 auxissetll.
546 2177 568 2234 1,
581 2158 636 2232 51,
653 2157 702 2238 61,
717 2167 920 2243 proauorum
932 2178 1009 2230 esse.
1027 2155 1230 2245 benefacere,
1247 2156 1385 2242 denique
1398 2155 1607 2236 lormamere‚

331 2283 388 2349 pro
404 2273 514 2341 errem,
536 2263 567 2327 111
585 2262 679 2328 tertia
699 2282 834 2348 persona
854 2262 990 2350 pluralis
1007 2263 1130 2328 numeri
1148 2263 1277 2349 perfecti
1293 2263 1399 2330 activi.

353 2369 474 2454 lingis
507 2369 636 2439 Catonis
657 2369 830 2437 imitationi
853 2370 966 2435 tribuit
988 2371 1167 2436 Bruenaert
1188 2370 1224 2454 (l.
1249 2370 1278 2438 l..
1295 2390 1327 2456 p.
1354 2370 1383 2462 7..
1400 2369 1506 2454 sqq.);
1533 2387 1606 2436 nam

328 2476 434 2544 verbis
446 2486 476 2541 et
489 2475 702 2544 locutionibus
713 2495 812 2562 supra
823 2476 963 2542 laudatis
976 2477 1043 2542 hac
1057 2476 1154 2542 rerba
1174 2474 1263 2542 addit
1280 2499 1287 2541 ε
1301 2474 1474 2564 prosapia,
1493 2473 1605 2554 tuens,

246 2595 250 2602 '
330 2581 539 2701 benefactum
555 2583 579 2663 ³,
597 2581 764 2670 nequitur,
780 2581 1039 2661 strenuissimus;
1056 2584 1131 2650 item
1149 2583 1414 2672 cousuuctiouem
1443 2582 1533 2650 verbi
1560 2581 1607 2648 ira

329 2710 400 2756 cum
422 2689 549 2776 supino,
568 2699 599 2756 et
613 2690 782 2758 verborum
797 2687 1002 2756 deliberandi
1014 2709 1086 2756 cum
1101 2689 1205 2756 verbis
1220 2709 1296 2756 cnm
1308 2688 1433 2768 animo,
1452 2698 1608 2774 praeterea

329 2796 495 2882 particulae
512 2794 614 2886 ipitnr
630 2797 662 2862 ia
674 2795 833 2882 principio
847 2797 1009 2863 enunciari
1024 2796 1277 2880 collocationem,
1292 2817 1364 2925 quaa
1379 2796 1489 2864 omnia
1499 2805 1607 2864 nmen

330 2923 394 2970 non
409 2903 537 2972 Catonis
552 2913 675 2972 tantum
696 2914 750 2970 aut
764 2903 910 2971 Sallustii
931 2911 1015 2968 sunt

373 3009 662 3091 Deltouriusvero‚
679 3011 736 3077 etsi
752 3011 927 3080 nonnullas
953 3010 1201 3077 constructiones
1215 3009 1397 3095 formasque
1420 3028 1486 3076 non
1508 3009 1607 3076 unius

330 3119 473 3196 Catonis,
494 3116 548 3184 sed
574 3127 630 3184 ant
646 3117 743 3184 totius
763 3117 975 3204 antiquitatis,
998 3126 1054 3183 aut
1072 3119 1254 3184 Graecorum
1271 3115 1538 3185 consuetudinem
1559 3119 1609 3185 lo·

329 3224 449 3310 quendi
461 3223 746 3311 reterreoognovit,
759 3235 941 3292 tamennon
951 3244 1051 3310 pauca
1068 3244 1181 3309 parum
1194 3223 1415 3312 recteCatonis
1431 3223 1608 3292 imitationi

330 3331 455 3409 tribuit,
473 3342 508 3397 ut
522 3330 688 3412 mortales,
704 3342 790 3397 artes
811 3329 902 3398 dane
915 3332 964 3399 vel
984 3329 1093 3407 malae,
1112 3328 1190 3396 barae
1202 3331 1250 3398 vel
1264 3328 1351 3398 male
1365 3327 1510 3410 enectine,
1526 3351 1609 3396 eon-

327 3436 446 3518 sulere,
462 3448 593 3512 aetatem
607 3457 705 3526 apere
720 3458 794 3524 per,
813 3437 985 3525 festinae,
1006 3436 1070 3504 11111
1082 3457 1146 3525 pro
1165 3434 1291 3524 aliquo,
1306 3435 1442 3525 sasinus
1458 3437 1558 3521 (bono
1578 3447 1608 3501 et

328 3546 413 3610 malo
428 3544 551 3630 seusu),
569 3543 658 3612 loeus
674 3545 860 3631 (occasionis
873 3547 921 3610 vel
937 3556 1038 3612 status
1052 3543 1311 3628 significatione),
1325 3563 1401 3610 aare
1413 3543 1609 3626 (1111111111-

329 3651 424 3717 nibus
438 3671 477 3715 aa
491 3671 580 3731 uero,
597 3651 694 3739 pransi
707 3673 796 3729 vero,
813 3673 927 3716 aerum
940 3650 1131 3735 enimuero),
1144 3671 1196 3716 nae
1214 3647 1289 3716 dius
1307 3647 1433 3740 ateias,
1452 3661 1610 3736 praeterea

321 3757 520 3844 copulativae
539 3757 703 3844 particulae
717 3769 816 3845 atque
830 3759 1031 3844 ¹frequentem
1049 3777 1154 3836 usum,
1171 3775 1242 3846 quae
1259 3757 1411 3844 pleraque
1431 3755 1518 3850 apud
1538 3776 1608 3828 am-

328 3883 384 3930 nes
399 3863 543 3932 omnium
556 3863 686 3930 aetatum
701 3866 873 3951 scriptores
888 3863 921 3930 in
938 3884 997 3932 usu
1012 3865 1154 3930 luerunt.

369 3969 416 4038 nd
431 3980 532 4038 totum
547 3989 620 4037 vero
637 3970 762 4038 dicendi
777 3991 876 4057 genas
891 3981 924 4037 at
937 3970 1088 4044 adtotnm
1098 3970 1240 4038 historiae
1250 3968 1427 4040 scribendae
1443 3968 1604 4039 rationem

327 4077 413 4164 quod
430 4077 555 4158 attinet,
574 4077 606 4143 111
622 4095 659 4143 eo
675 4079 851 4164 praesertim
865 4077 999 4163 vestigia
1015 4079 1143 4144 Catonis
1163 4087 1290 4144 secutus
1305 4095 1373 4144 esse
1388 4075 1514 4144 videtur
1531 4077 1615 4144 Sal-¹

359 4261 382 4308 1.
397 4257 477 4308 Suam
492 4269 641 4320 epimonem
657 4255 836 4306 Schultmus
816 4271 854 4306 ste
869 4256 975 4320 cottegn
992 4257 1020 4338 ll.
1037 4259 1054 4308 l.
1071 4275 1096 4324 p
1114 4259 1204 4324 llllzn
1192 4257 1279 4306 Men
1293 4255 1397 4322 quidem
1412 4257 1538 4308 sententia
1553 4255 1607 4308 Sal

327 4327 421 4376 lustina
434 4325 600 4376 urchatsmos
613 4323 757 4390 usurpavit,
772 4327 814 4390 qni
830 4328 938 4378 tamen'
932 4327 1030 4392 injuria
1045 4327 1082 4377 ita
1096 4327 1268 4393 augebantur,
1284 4333 1312 4377 ut
1325 4343 1385 4378 cum
1398 4328 1490 4388 multa,
1506 4343 1567 4392 quae
1580 4330 1607 4378 iu

326 4397 433 4468 optimis
448 4397 621 4462 scriptoribus
632 4398 716 4456 etiam
728 4409 795 4451 uuae
807 4405 877 4458 eunt,
891 4399 980 4463 prisca
994 4400 1159 4458 haberentur.
1172 4408 1226 4450 tum
1235 4398 1299 4466 justi
1311 4399 1445 4466 graecismi
1454 4399 1482 4448 in
1491 4400 1608 4464 archatu-

327 4469 376 4518 mis
390 4461 658 4522 adnumerarentur.»
675 4469 708 4518 nt
721 4468 798 4534 paulo
813 4469 901 4518 iufra:
915 4487 928 4516 11
944 4470 995 4520 Sed
1009 4469 1162 4520 archatsmis
1177 4468 1329 4520 Sallustiani
1338 4471 1518 4534 eleqnnltores
1530 4475 1556 4518 et
1566 4483 1606 4522 re·

325 4541 456 4590 cantores
470 4546 529 4587 sunt
544 4545 570 4588 et
581 4553 677 4603 magne
692 4554 752 4588 cum
766 4539 882 4589 sollertia
895 4540 1006 4591 orationi
1021 4540 1186 4604 implicati.»
1543 4565 1546 4573 ·

357 4613 382 4660 2.
396 4609 452 4660 Hoc
467 4609 576 4660 verbum
590 4625 606 4660 a
620 4611 717 4662 Catone
731 4617 884 4676 usurpatum
897 4612 967 4676 apud
981 4612 1103 4662 Plautum
1116 4612 1196 4662 etiam
1213 4611 1350 4674 inuenitur,
1364 4610 1475 4676 ideoque
1490 4611 1525 4660 ad
1538 4610 1605 4675 pris-

304 4687 307 4692 '
327 4694 417 4730 eornm
431 4679 604 4731 imitationem
618 4681 710 4731 reterri
727 4688 826 4748 potest;
849 4682 918 4732 idem
932 4683 964 4733 de
980 4683 1085 4733 uocibus
1099 4683 1316 4784 strenuissimus,
1323 4685 1459 4786 nequitur
1486 4681 1538 4734 dici
1556 4697 1603 4746 po·

327 4757 389 4800 test.
667 4775 668 4780 ι
