3576 5724
700 1005 1187 1142 'conccusro

371 1695 440 1759 lom
462 1693 633 1760 admotam
651 1692 863 1780 pervenimus,
884 1695 1012 1778 longum
1038 1693 1099 1760 iter
1112 1694 1244 1759 emensi.
1275 1693 1358 1774 Quid
1375 1713 1448 1760 vero
1464 1714 1502 1759 ex
1518 1713 1616 1759 eccu-

329 1821 397 1874 rata
422 1810 478 1874 illa
498 1808 653 1874 sermonis
674 1809 862 1874 Sallustiani
883 1808 1108 1894 disquisitione
1136 1808 1242 1894 colligi
1270 1795 1400 1895 potest?
1424 1808 1617 1894 precipuas

329 1923 457 2008 quidem
476 1923 620 1996 uirtutes,
643 1945 723 2008 quas
739 1934 769 1988 et
788 1932 906 1990 veteres
920 1935 950 1988 et
972 1924 1160 1989 recentiores
1176 1925 1261 2008 opud
1282 1923 1375 1988 illum
1394 1949 1406 1982 ι
1426 1944 1540 1990 rerum
1555 1945 1610 1989 ro-

329 2059 508 2102 manarum
516 2035 787 2125 florentissimum
800 2049 968 2104 erectorem
991 2065 1001 2098 ι
1022 2039 1029 2072 ¹
1049 2050 1259 2124 agnoverunt,
1273 2039 1459 2124 agnovimus
1475 2050 1506 2103 et
1523 2038 1609 2125 ipsi:

331 2153 534 2233 brevitatem,
550 2152 758 2232 varietatene,
778 2151 813 2218 in
835 2152 942 2219 cerdis
963 2153 1215 2242 proprietatem.
1237 2153 1402 2219 Brevitate
1418 2155 1489 2232 suo,
1509 2155 1610 2220 inter-

330 2269 407 2334 dum
422 2269 631 2346 subobscura,
649 2269 845 2352 exemplaria
859 2287 961 2354 graeca
972 2270 1067 2334 etiam
1084 2269 1258 2355 superavit,
1276 2289 1347 2353 quae
1358 2278 1462 2333 temen
1477 2267 1612 2334 liberius

333 2383 475 2449 imitatus
487 2395 546 2462 est,
565 2383 663 2448 nobili
681 2394 711 2449 et
724 2385 866 2449 materiae
881 2384 1046 2468 aptissima
1059 2385 1152 2469 prisci
1165 2383 1320 2450 sermonis
1335 2394 1418 2448 veste
1434 2383 1612 2448 sententias

334 2499 487 2577 induens,
501 2519 536 2564 uc
550 2500 645 2564 simul
664 2499 854 2586 exquisitam
870 2499 1106 2585 simplicitatem
1122 2510 1153 2564 et
1167 2519 1316 2584 magnum
1334 2499 1431 2565 robur
1447 2511 1612 2564 essecutus

332 2627 388 2680 est.
413 2614 458 2680 tu
478 2613 672 2680 varietatem
694 2614 837 2700 pervenit
854 2615 944 2680 nullo
965 2615 1056 2680 modo
1078 2615 1254 2680 affectatam
1274 2625 1330 2680 aut
1353 2613 1536 2702 quaesitam,
1558 2613 1612 2680 sed

334 2738 456 2794 tantum
479 2740 656 2816 peraptum
673 2729 841 2794 verborum
861 2749 932 2795 cum
948 2730 1112 2795 sententiis
1132 2729 1399 2810 convenientiam,
1422 2749 1483 2796 non
1507 2730 1612 2796 mani·

332 2845 410 2910 iesta
430 2843 574 2930 quidem,
595 2843 650 2909 sed
677 2855 780 2910 lernen
802 2844 1040 2912 accuratissima
1066 2845 1388 2931 industriapartam3
1407 2855 1439 2910 et
1453 2845 1521 2911 hoec
1541 2843 1611 2930 qni-

333 2960 405 3024 dem
420 2979 455 3024 ac
468 2959 560 3024 tertia
575 2970 621 3024 est
637 2958 799 3046 praecipua
826 2960 908 3026 inter
923 2959 1078 3026 sermonis
1094 2960 1163 3047 ejus
1178 2960 1312 3025 virtutes
1333 2970 1464 3046 propter
1479 2979 1578 3046 quam
1594 2983 1613 3024 a

333 3074 438 3140 Gellio
453 3073 463 3106 ²
476 3072 723 3162 proprietatum
742 3073 776 3139 in
791 3073 896 3140 uerbis
915 3073 1187 3142 retinentissimus
1203 3059 1307 3142 dictus
1321 3085 1378 3140 est.

378 3191 467 3256 Nunc
489 3209 573 3267 vero,
592 3190 615 3254 si
634 3189 883 3276 unumquodque
897 3191 1042 3257 Sallustii
1062 3211 1142 3276 opus
1159 3190 1406 3264 consideremus,
1432 3187 1615 3256 Catilinam

335 3315 366 3370 et
384 3302 587 3392 lupualdum
607 3324 670 3369 non
695 3305 831 3370 multum
852 3327 870 3369 a
892 3305 1003 3371 ceteris
1019 3304 1160 3392 ejusdem
1179 3305 1281 3371 aetatis
1297 3305 1449 3392 operibus
1465 3324 1614 3370 sermone

335 3421 462 3486 dillerre
484 3421 595 3504 liquet,
618 3419 783 3486 Historias
805 3440 878 3486 vero
903 3430 933 3486 et
953 3422 1202 3487 arclru'r‘smorum
1223 3420 1342 3507 maj0re
1363 3440 1497 3485 numero
1513 3432 1545 3485 et
1561 3441 1617 3484 ro-

335 3535 523 3600 cabulorum
548 3535 669 3599 delectu
691 3545 721 3599 et
751 3535 947 3602 locutionum
974 3546 1271 3622 structurarumque
1299 3535 1524 3621 singularitate
1546 3535 1616 3599 lon·

333 3649 404 3736 gius
425 3673 443 3714 a
462 3649 669 3716 Ciceroniano
687 3671 745 3716 usu
764 3650 941 3731 discedere3
960 3650 1178 3738 quosquidem
1198 3651 1413 3736 potiusquam
1431 3647 1614 3746 Cutilirrqm

335 3774 392 3830 aut
408 3762 610 3851 Jupnrtdnnr
641 3764 800 3832 imitatum
828 3786 894 3832 esse
919 3765 1334 3864 Suasortarnmauetorem
1352 3785 1445 3832 nemo
1464 3766 1613 3843 miretur,

336 3881 456 3965 quippe
485 3880 538 3965 qui
568 3880 598 3944 in
618 3881 793 3966 exemplari
821 3881 916 3946 luculi
947 3883 1125 3968 splendoris
1152 3893 1339 3948 ornamenta
1368 3880 1496 3946 lucilius
1520 3900 1616 3967 qnam

339 3995 477 4060 nobilem
496 4015 532 4060 ac
550 3996 696 4062 decoram
716 3997 905 4082 gravitatem
924 3997 1109 4082 perceperit.

380 4111 527 4176 Nostrum
548 4111 646 4195 igitur
668 4111 826 4197 judicium
845 4110 1112 4197 comprehendere
1139 4122 1169 4178 et
1197 4122 1294 4178 totum
1323 4131 1403 4198 opus
1428 4110 1616 4176 concludere

338 4225 443 4305 liceat,
469 4246 567 4312 snpra
598 4225 759 4291 laudatam
787 4227 902 4293 summi
930 4227 1031 4293 etatis
1051 4217 1168 4295 nostrae
1188 4227 1412 4312 grammatici-³
1432 4225 1614 4313 opinionem

338 4340 453 4407 iterum
469 4341 633 4408 referendo
652 4363 695 4406 :.‹
722 4343 761 4409 Ut
776 4342 860 4408 iuter
880 4353 997 4409 veteres
1021 4356 1051 4408 et
1076 4344 1265 4409 recentiores
1284 4354 1345 4408 stat
1361 4343 1547 4422 Sallustius,
1575 4341 1617 4405 ite

511 4501 519 4531 r

371 4564 393 4608 l.
408 4559 492 4607 Taciti
511 4560 653 4620 Arioniam,
670 4565 709 4610 30.

370 4642 393 4688 2.
410 4637 469 4686 Auli
487 4639 561 4688 Gellii
577 4639 673 4690 Noctes
691 4640 796 4697 Atticos.
813 4656 837 4716 ιι,
857 4643 899 4690 20.

370 4721 393 4800 ³!
410 4718 570 4781 Bernhardy.
587 4719 740 4769 Geschichte
756 4720 802 4768 der
818 4721 897 4768 Rom.
913 4719 1039 4777 Litterat..
1055 4721 1115 4770 edit.
1129 4721 1172 4780 Π,
1185 4737 1210 4784 p.
1220 4724 1273 4770 661.
