3576 5724
668 496 863 553 -269-

131 647 220 713 tiam
236 658 268 712 et
281 644 405 711 mederi
413 646 574 734 fraterna
584 644 715 712 incidiae
725 645 838 712 areima
849 644 1190 725 ardedat,-statuit;
1203 647 1244 711 cl.
1259 647 1330 731 lug.
1346 647 1399 724 47,
1470 718 1472 722 ,

130 755 165 833 7;
194 755 248 833 44,
271 755 308 831 3;
335 754 390 828 64,
409 755 443 833 4;
470 754 524 828 tt,
547 755 579 832 3,
605 763 684 831 etc.;
710 754 847 839 exceptis
871 761 983 818 'tamen
1010 750 1088 818 locis
1114 753 1319 837 quibusdam,
1346 755 1400 819 nln

128 871 256 948 propter
276 862 452 926 orationem
473 860 637 946 obliquam
658 859 880 946 conjunctivus
897 869 1089 945 usurpatur:
1111 860 1181 944 lug.
1212 860 1265 939 33,
1289 863 1325 938 4;
1344 862 1399 938 83,

130 969 164 1046 4;
195 966 274 1032 adde
301 969 372 1053 lug.
401 968 434 1042 3,
458 968 490 1044 2,
514 986 594 1032 nam
618 965 653 1030 oi
675 965 808 1053 quidem
834 987 946 1053 repere
969 965 1121 1052 patriam
1148 976 1208 1059 444
1227 978 1399 1054 parentes,
1460 1022 1463 1032 .

128 1094 333 1162 quamquam
357 1084 390 1139 et
407 1073 513 1162 possis
538 1071 704 1158 etdelieta
723 1072 882 1160 corripas,
906 1084 1015 1136 tamen
1039 1071 1255 1160 inportunum
1271 1084 1328 1152 est,
1346 1073 1400 1138 noi

126 1181 346 1266 conjunctivus
368 1179 548 1266 potentialis
571 1191 635 1259 est;
658 1200 729 1244 oum
752 1180 917 1264 adjectivo,
932 1180 1003 1264 lug.
1027 1179 1080 1256 43,
1105 1180 1136 1258 4,
1154 1177 1311 1263 (Metella)
1332 1179 1404 1244 acri

126 1286 196 1352 ciro
212 1298 243 1352 et
257 1297 461 1373 quamquam
486 1284 625 1351 advorso
640 1283 762 1374 pepedi
775 1285 940 1374 partium,
958 1285 1057 1372 fama
1072 1296 1182 1350 tamen
1195 1284 1354 1372 aequabili
1372 1296 1403 1350 et

127 1391 305 1472 inviolata3
322 1394 363 1458 cl.
380 1393 460 1458 Hist.
477 1414 499 1470 1,
517 1394 571 1470 54,
588 1400 675 1456 2.-
688 1393 900 1479 Quamquam
914 1392 1141 1458 correctionem
1158 1392 1326 1478 affertlug.
1343 1392 1398 1469 85,

128 1502 187 1576 45;
202 1501 282 1564 Hist.
297 1519 345 1578 ιιι,
371 1501 425 1579 82,
444 1499 476 1564 5.
499 1500 533 1566 44
557 1497 696 1564 Catilina
711 1519 783 1564 vero
800 1515 956 1584 nusquam
972 1483 1261 1584 particulam'hanc
1278 1498 1398 1564 inveni.

172 1605 332 1688 Quamuis
346 1625 404 1671 nec
419 1605 724 1694 cumconjunetivo,
747 1605 922 1671 secundum
941 1605 1104 1689 vulgarem
1126 1605 1275 1691 loquendi
1293 1625 1398 1684 usum,

127 1733 182 1778 nec
197 1731 271 1777 cum
294 1711 478 1790 indicativo,
500 1711 554 1776 sed
577 1721 698 1777 tantum
720 1711 883 1797 primitiva
903 1712 1133 1798 significatione
1156 1713 1212 1794 (ε
1226 1722 1400 1798 quantum·

127 1819 188 1904 ais)
218 1837 291 1884 cum
316 1818 483 1902 adjectivo,
507 1819 575 1884 Cat.
602 1819 657 1897 23,
684 1820 717 1895 6,
743 1831 775 1883 44
793 1818 891 1906 quasi
916 1816 1030 1906 pollui
1054 1818 1261 1883 caresulatum
1289 1816 1399 1883 erede·

128 1925 219 1998 bant,-
234 1924 268 2002 si¹
282 1945 358 1990 eum
375 1926 519 2011 quamvis
533 1927 676 2010 egregius
690 1925 788 1990 homo
804 1946 903 1990 reooos
917 1922 1055 2014 adeptus
1066 1925 1172 2014 soret3
1194 1925 1234 1990 cl.
1252 1925 1331 1990 Hist.
1352 1946 1398 2003 ιιι,

128 2032 183 2108 62,
201 2033 256 2097 20.
994 2039 996 2060 ¹

173 2139 260 2206 Cum
281 2137 479 2209 adversativa
497 2150 529 2203 et
553 2137 733 2208 concessiva
747 2137 991 2222 significatione,
1010 2156 1134 2222 semper
1152 2155 1224 2203 cum
1249 2137 1400 2224 conjunc·

128 2245 203 2324 tivo,
215 2256 251 2310 ut
266 2243 351 2328 apud
367 2245 552 2310 Ciceronem
563 2257 593 2309 et
606 2246 763 2310 Caesarem
777 2266 785 2310 ε
797 2245 865 2310 Cat.
880 2245 912 2322 3,
930 2245 962 2324 5,
979 2265 1018 2308 ac
1033 2263 1096 2323 me,
1113 2263 1185 2308 cum
1200 2241 1243 2308 ab
1257 2243 1398 2330 reliquo-

125 2373 200 2416 rum
215 2349 314 2415 malis
336 2347 483 2416 maribus
503 2348 719 2429 dissentirem,
745 2349 847 2416 nihilo
867 2351 973 2416 minus
992 2347 1125 2415 horroris
1145 2348 1263 2438 cupido
1286 2348 1401 2417 eadem

126 2479 189 2545 qua
203 2457 214 2491 ²
227 2467 347 2522 eeteros
357 2457 455 2544 fama
468 2468 567 2544 atque
582 2455 708 2522 inuidia
721 2456 880 2534 cenabam
898 2458 966 2523 Cat.
985 2457 1039 2532 36,
1052 2458 1084 2536 4,
1099 2455 1155 2522 eui
1168 2477 1239 2522 cum
1254 2455 1300 2522 ad
1312 2478 1401 2522 ecca·

125 2586 199 2630 sum
219 2562 262 2628 ab
287 2574 362 2629 ortu
381 2561 459 2629 solis
484 2563 597 2630 omnia
624 2561 750 2629 domita
773 2564 876 2630 armis
887 2575 1056 2653 parerent,
1078 2561 1169 2629 dumi
1181 2562 1285 2628 otium
1303 2574 1401 2651 atque

125 2669 263 2749 divitia,
276 2690 349 2756 quae
358 2669 471 2758 prima
485 2668 642 2736 mortales
648 2681 786 2758 putant,
799 2669 995 2758 adficerent,
1011 2671 1108 2759 suere
1125 2679 1227 2736 tamen
1244 2669 1327 2736 ciues
1341 2669 1402 2757 qui

124 2797 223 2864 seque
241 2796 376 2863 remque
388 2774 559 2863 publicam
574 2776 745 2864 aporiantis
759 2775 881 2842 animis
890 2774 1061 2865 perditum
1081 2774 1166 2842 irent
1172 2799 1181 2855 ;
1198 2777 1267 2842 sine
1287 2777 1400 2842 adver·
1495 2761 1497 2766 ’

127 2884 177 2949 bio
192 2882 338 2968 opposito
352 2882 384 2948 in
400 2883 553 2967 primario
566 2883 748 2961 enunciata,
761 2884 841 2948 Hist.
859 2904 906 2961 ιιι,
924 2883 978 2961 77,
992 2884 1024 2955 2,
1041 2903 1131 2970 apra
1142 2893 1240 2970 parte
1254 2881 1400 2948 militum

128 2987 285 3054 aretumni
304 2986 470 3076 pravitate
483 3009 588 3076 nepae
611 3009 653 3054 ea
666 3000 833 3077 postrema
845 2989 945 3077 sapa,
962 3010 1037 3054 cum
1060 3009 1171 3054 seuero
1186 2987 1289 3054 edicto
1298 2987 1400 3078 jube·
1471 2982 1475 2992 ’

126 3106 255 3174 rentur,
277 3093 354 3160 ullis
368 3092 414 3159 ad
426 3093 522 3182 sipna
542 3093 753 3160 redeuntibus
773 3095 795 3160 ¹.

173 3209 315 3277 Tametsi
329 3213 400 3296 (pro
416 3210 476 3276 etsi
485 3211 569 3298 qood
586 3212 679 3296 plane
690 3211 789 3298 deest)
802 3211 1058 3298 frequentissime
1074 3223 1259 3297 usurpatur,
1277 3231 1401 3298 semper

126 3337 198 3384 cum
211 3317 401 3383 indicativo:
423 3317 490 3384 Cat.
510 3318 541 3395 3,
558 3320 618 3383 244
631 3319 667 3396 4;
685 3318 739 3397 20,
757 3320 875 3403 l;lug.
893 3320 926 3396 6,
944 3320 976 3395 2,
999 3329 1073 3396 etc,
1095 3327 1175 3398 etc.;
1191 3330 1318 3405 excepto
1336 3337 1400 3385 uno

128 3425 209 3504 loco,
225 3425 297 3509 lug.
316 3424 373 3501 38,
389 3425 421 3502 9,
441 3425 493 3490 444
512 3433 640 3510 propter
657 3425 834 3490 orationem
854 3425 1018 3510 obliquam
1037 3425 1259 3512 conjunctivus
1279 3426 1400 3512 positus

128 3540 185 3595 est.

171 3634 271 3717 Licet,
289 3634 482 3723 quamlibet,
505 3636 758 3724 quantumlibet,
778 3636 1003 3725 petantumois,
1024 3637 1086 3704 etsi
1104 3637 1189 3724 apud
1211 3638 1400 3705 Sallustium

131 3741 237 3809 deesse
250 3743 411 3808 videntur.

171 3869 207 3933 Β.
234 3905 276 3916 -
300 3869 335 3933 ln
349 3869 518 3950 enunciata
535 3868 688 3954 primario
704 3869 859 3956 oppositio
874 3869 1071 3954 significator
1091 3870 1139 3935 his
1154 3869 1258 3936 verbis
1273 3893 1281 3935 :

174 3985 313 4062 Tamen,
330 4005 401 4070 quaa
427 3985 584 4069 particula
609 3993 783 4070 usurpatur
810 3985 934 4071 quoties
962 3985 1093 4051 tametsi
1118 3986 1150 4050 44
1177 3985 1330 4071 primario
1355 3995 1401 4051 ost

130 4091 210 4174 (Cat.
228 4091 344 4168 3,244
362 4091 397 4168 4;
417 4091 472 4172 26,
499 4091 535 4170 l;
557 4092 610 4170 24,
635 4093 670 4171 l;
689 4093 743 4168 48,
760 4093 797 4172 5;
818 4093 873 4171 52,
893 4093 934 4170 9;
956 4093 1025 4177 lug.
1045 4091 1076 4169 6,
1104 4091 1141 4170 2;
1162 4093 1214 4169 44,
1236 4094 1271 4170 4;
1291 4093 1343 4172 43,
1361 4093 1399 4171 3;

158 4314 180 4360 l.
199 4309 333 4360 Interdum
347 4315 433 4359 lamen
448 4310 543 4360 accidit
551 4318 578 4360 ut
590 4311 659 4374 apud
671 4309 821 4360 Sallustium
829 4325 890 4362 cum
902 4312 1044 4375 temporale
1054 4327 1112 4361 cnm
1123 4311 1264 4362 indicativo
1276 4318 1402 4361 structum

129 4380 179 4430 vim
193 4379 386 4429 adversativam
398 4389 439 4430 444
455 4381 634 4430 concessivam
648 4381 770 4445 accipiat,
784 4387 811 4430 ut
823 4381 878 4430 Cat.
892 4386 931 4439 26,
947 4386 1059 4439 4244444
1077 4383 1192 4440 tabutas,
1208 4386 1293 4446 siquo,
1309 4387 1401 4434 toreu-

128 4455 201 4503 mata
212 4456 313 4510 emunt,
328 4464 402 4568 poro
412 4452 529 4512 diruunt,
542 4457 600 4505 alia
614 4453 754 4516 44444444,
768 4458 893 4505 -44444
907 4467 1013 4505 summo
1024 4455 1143 4506 lubidine
1155 4454 1262 4504 dtatts'us
1271 4467 1334 4504 4444
1345 4457 1403 4506 otn-

131 4535 187 4574 cere
202 4535 326 4584 nequeam
340 4559 346 4571 .

57 4641 59 4648 .
158 4604 182 4652 2.
200 4601 363 4665 Scriptorum
378 4615 434 4667 4444
447 4603 546 4654 codicis
567 4603 703 4654 Serbonici
716 4612 746 4652 4ο
766 4607 810 4654 544
825 4605 902 4668 longe
922 4605 1014 4670 optimi
1036 4620 1067 4655 ac
1081 4605 1263 4656 nonnullorum
1282 4604 1400 4663 aliorum,

130 4686 204 4736 quarn
221 4672 340 4722 defendit
354 4674 527 4724 Gruendelius
542 4675 591 4738 (De
605 4675 668 4726 locis
683 4677 785 4742 44444444
799 4676 980 4735 sallustianis,
996 4693 1021 4742 p.
1037 4677 1070 4740 2),
1086 4683 1114 4726 ut
1128 4677 1205 4726 niniis
1223 4682 1348 4726 contortae
1360 4691 1403 4724 ex·
1456 4703 1464 4710 —

130 4742 409 4864 ppppppoppsmpptpppppa
429 4745 584 4810 respuimus,
598 4753 624 4795 et
639 4751 784 4796 ceterorum
796 4745 916 4796 codicum
931 4745 1087 4812 scripturam
1104 4757 1164 4796 cum
1176 4746 1292 4798 lordauo
1311 4751 1337 4795 et
1356 4745 1401 4794 la·
