3534 5720
681 467 879 524 -187-

135 613 271 696 junctus
281 611 475 700 potentialis
490 613 711 698 conjunctivus
726 599 865 678 secunda
878 613 1053 695 singularis
1071 633 1206 697 persona
1224 614 1366 697 ponitur,
1384 624 1418 679 ut

138 721 214 805 lug.
229 721 285 799 85,
303 721 358 798 35,
374 740 519 806 aamqrrc
533 740 608 784 curu
623 730 690 784 tute
701 740 763 806 per
772 717 944 784 mollitiem
957 739 1050 806 opas,
1064 719 1244 786 accercitum
1256 719 1417 808 supplicio

139 811 272 912 capere,
290 824 385 893 idest
399 823 582 904 domiuum,
600 845 665 890 uon
681 825 913 912 imperatorem
928 843 1010 904 cssc3
1032 847 1104 912 quae
1122 827 1313 892 constructio
1335 828 1419 912 apud

138 933 329 998 Ciceronem
353 934 429 998 satis
445 933 594 1018 frequens
609 921 666 996 est.
683 967 729 980 —
747 933 859 998 Cetera
873 931 1044 1018 presentis
1064 928 1210 1016 exempla
1231 935 1263 998 l⁰
1283 944 1338 998 aut
1355 934 1420 998 vim

138 1039 360 1104 concessivam
382 1027 525 1113 habent,
540 1049 573 1102 ut
596 1039 676 1103 Hist.
704 1061 750 1111 ιιι,
773 1040 827 1114 82,
854 1040 907 1118 tt,
929 1035 1045 1103 deinde
1066 1075 1110 1088 --
1131 1060 1206 1104 crem
1228 1039 1278 1104 uis
1299 1040 1416 1124 omnis,

142 1144 303 1225 Quirites,
324 1143 359 1210 ιιι
378 1142 468 1209 vobis
482 1145 535 1222 sit,
553 1156 595 1222 el,
618 1165 690 1231 quae
703 1143 795 1232 jussi
807 1166 894 1210 nuuc
902 1166 969 1233 pro
984 1144 1059 1210 aliis
1075 1143 1234 1225 toleratis,
1248 1167 1311 1233 pro
1329 1144 1419 1211 vobis

139 1273 242 1338 apere
257 1263 318 1317 aut
330 1273 396 1316 rroa
413 1272 510 1338 apere
530 1263 615 1316 certe
626 1251 769 1338 possitis,
786 1254 899 1316 lovem
919 1250 1100 1316 aulalium
1115 1272 1212 1337 quem
1230 1251 1328 1316 (learns
1348 1274 1420 1317 corv-

138 1357 301 1423 sultorem
316 1360 516 1445 expectatis?
531 1358 578 1423 ct.
597 1359 676 1423 Hist.
696 1380 718 1436 1,
735 1360 791 1434 5t,
810 1361 851 1424 ll
866 1369 896 1422 et
911 1359 968 1438 183
987 1360 1020 1422 2⁰
1036 1372 1091 1423 aut
1110 1359 1171 1422 vim
1187 1357 1366 1436 causalem,
1387 1373 1421 1423 ut

138 1468 212 1550 lug.
236 1466 292 1544 85,
314 1465 369 1538 26,
390 1463 447 1529 secl
464 1487 539 1530 cerm
557 1463 709 1529 omuibus
728 1463 806 1530 locis
820 1485 872 1529 me
891 1484 1010 1560 uosque
1031 1463 1184 1552 lacerent,
1206 1485 1272 1530 riou
1287 1464 1420 1553 placuit

137 1570 295 1642 reticere:
313 1585 343 1637 et
360 1583 433 1637 tuuc
449 1573 514 1637 iere
531 1572 639 1637 addita
656 1593 727 1636 voce
739 1571 923 1659 praesertim
939 1595 945 1635 :
962 1573 1032 1636 Cat.
1050 1573 1104 1649 ct,
1121 1572 1174 1649 li),
1190 1569 1229 1636 cle
1242 1571 1420 1638 timorosu-

134 1697 385 1764 peruacaueum
405 1689 450 1742 est
468 1675 634 1755 disserere,
656 1699 730 1742 curri
747 1676 931 1764 presertim
951 1675 1124 1764 dilipentia
1148 1676 1336 1742 clarissumi
1356 1678 1421 1744 uili

136 1783 284 1850 consults
299 1795 393 1849 tauta
405 1781 565 1870 praesidia
584 1784 650 1848 siut
665 1783 698 1848 ιιι
717 1784 839 1859 armis;
854 1786 925 1868 lug.
944 1786 977 1850 2.
996 1787 1031 1863 l;
1054 1786 1085 1862 3,
1104 1785 1140 1864 23
1158 1787 1238 1849 Hist.
1259 1807 1281 1860 v,
1301 1787 1356 1862 tu,
1381 1788 1416 1864 l;

139 1912 186 1967 ιιι,
210 1891 269 1969 82,
287 1893 340 1956 ll.
358 1893 549 1974 -Propter
568 1891 745 1956 orationem
767 1891 943 1976 obliquam,
963 1892 1128 1976 temporali
1145 1911 1252 1970 sensu,
1269 1893 1338 1976 lug.
1360 1892 1416 1970 83,

140 1999 171 2074 l,
190 1996 336 2084 incipere
349 1995 497 2082 (bellum)
513 1996 627 2076 cuivis,
646 1996 746 2062 etiam
761 1996 895 2083 ipaauo,
912 1995 1023 2075 licere3
1041 1995 1173 2085 deponi,
1190 2018 1266 2062 cum
1280 1998 1418 2062 uictores

138 2103 255 2168 uelint.
1152 2095 1156 2102 ⁴

182 2211 223 2275 2⁰
245 2211 398 2276 Similiter
422 2233 595 2286 veuvucvuu
615 2214 775 2276 causalem
800 2211 863 2276 vim
883 2211 989 2287 hebet,
1005 2229 1043 2275 cn
1060 2231 1107 2295 gr.
1127 2211 1195 2276 Cat.
1219 2212 1274 2290 ll,
1291 2212 1324 2288 6,
1343 2232 1418 2276 cum

137 2317 179 2382 ab
198 2328 317 2383 senatu
339 2316 440 2382 leostis
458 2315 632 2406 judicatus
651 2317 703 2398 sit,
720 2338 785 2405 quo
806 2315 940 2382 consilio
964 2316 1097 2383 seruitia
1112 2315 1284 2405 repudiet?
1300 2329 1329 2383 ct
1346 2319 1414 2384 Cat.

138 2425 196 2504 52,
217 2425 276 2503 363
298 2425 379 2489 Hist.
397 2446 419 2501 1,
439 2427 492 2501 tt,
508 2425 562 2490 23.

182 2532 223 2596 3⁰
246 2530 336 2609 Quod
357 2543 461 2600 autem
483 2533 521 2596 ad
542 2552 750 2597 iuvununcvuu
771 2543 801 2596 et
821 2551 1153 2604 vtusoouuvunvucvuu
1168 2532 1358 2617 conjunctivi
1375 2542 1418 2597 at-

139 2639 234 2716 tinet,
257 2637 306 2701 his
333 2639 526 2722 temporibus
551 2651 660 2704 uotum
684 2648 730 2702 est
750 2657 856 2702 rerum
876 2639 989 2703 scriem
1016 2640 1063 2704 vel
1084 2639 1229 2703 ordinem
1255 2638 1415 2724 designari

138 2743 313 2828 praecipue.
332 2745 558 2828 Gonjunctivus
576 2754 759 2829 usurpatur,
778 2746 801 2808 si
823 2743 896 2809 duae
912 2745 1049 2810 actiones
1069 2766 1130 2809 vion
1148 2745 1258 2810 eodem
1276 2757 1416 2829 tempore
1486 2744 1491 2752 ’

140 2850 232 2927 liant,
251 2861 306 2914 aut
323 2852 347 2914 si
368 2853 502 2936 scriptor
516 2852 578 2915 vim
594 2852 745 2936 majorem
762 2851 854 2915 alteri
871 2871 910 2916 cx
926 2851 974 2916 his
990 2872 1061 2936 quae
1076 2853 1171 2916 simul
1190 2840 1416 2917 liunt'actioui·

140 2957 201 3022 bus
222 2957 377 3036 tribuens,
400 2959 533 3022 alteram
553 2978 625 3022 cum
644 2958 865 3043 conjunctione
880 2979 956 3022 cum
982 2968 1134 3023 structam
1152 2959 1251 3042 priori
1274 2959 1321 3023 illi
1339 2958 1416 3024 sub-

138 3063 242 3148 jiciat,
261 3063 345 3148 quod
360 3084 484 3148 sempev
498 3085 535 3129 en
555 3064 623 3150 ejus
636 3063 770 3128 arbitrio
792 3064 917 3148 pendet.
936 3064 1010 3130 lude
1030 3065 1114 3130 litut
1134 3066 1218 3150 apud
1232 3067 1415 3132 Ciceronem

141 3171 361 3255 conjunctivus
385 3184 415 3236 et
432 3169 620 3237 irmioativus
638 3173 669 3235 in
689 3171 920 3256 temporalibus
940 3171 1117 3236 enunciatis
1135 3192 1207 3258 quae
1227 3173 1310 3238 inter
1325 3193 1356 3237 se
1371 3173 1417 3236 si-

143 3277 233 3342 milia
249 3278 418 3344 videantnr
436 3278 575 3344 vicissim
592 3276 824 3356 adhibeantuv;
842 3278 905 3342 imo
931 3279 962 3343 in
978 3278 1089 3344 eadem
1114 3278 1242 3362 periodo
1268 3298 1416 3344 nonnun-

142 3399 238 3464 quam
255 3390 291 3464 ¹ct
308 3379 510 3455 indicativus,
531 3382 587 3464 qui
611 3391 732 3464 tempus
754 3381 946 3466 generaliter
963 3381 1118 3466 designat,
1135 3391 1166 3446 et
1180 3381 1414 3464 conjunctivus,

144 3488 197 3571 qui
219 3488 447 3552 accuratiorem
465 3487 614 3572 temporis
629 3487 848 3552 definitionem
864 3487 987 3563 afferat,
1005 3487 1088 3552 alius
1109 3497 1176 3572 post
1194 3488 1294 3552 alium
1310 3507 1415 3554 occur-

146 3605 228 3658 runt.
254 3593 347 3678 Apud
372 3595 561 3660 Sallustium
585 3614 672 3673 vero,
694 3604 727 3658 ut
744 3593 830 3678 apud
856 3605 973 3660 ceteros
998 3594 1176 3671 historicos,
1194 3596 1345 3679 pvaevalet
1365 3595 1416 3660 hic

144 3700 334 3785 conjunctivi
353 3721 439 3777 usus,
457 3700 665 3786 quippequos
681 3709 875 3765 momentum
892 3699 995 3784 ipsum
1009 3702 1158 3785 temporis
1174 3720 1237 3787 quo
1254 3702 1416 3786 praecipua

146 3807 289 3872 actioliat
302 3817 408 3872 exacte
420 3807 552 3872 delinire
565 3806 684 3873 deceat.
697 3807 916 3872 Discinctionis
931 3828 1029 3892 supra
1043 3808 1223 3873 constitutae
1234 3809 1416 3892 exemplum

146 3913 322 3979 dilucidum
344 3914 462 3998 praebet
481 3915 618 4000 scriptor
632 3925 739 3979 noster
757 3914 827 3980 Cat.
850 3913 906 3993 35,
927 3915 960 3994 5,
975 3911 1081 4002 plura
1098 3935 1174 3980 cum
1192 3912 1332 3979 scribere
1348 3911 1416 3978 cel-

146 4017 218 4100 lem,
238 4019 429 4085 nuntiatum
445 4032 491 4085 est
503 4020 570 4086 uim
585 4020 670 4086 milri
683 4019 814 4108 parari.

189 4129 221 4192 ἰι0
244 4129 457 4193 Iuvunrucvuu
473 4129 601 4213 saepiuS,
619 4139 732 4212 prater
754 4127 973 4210 temporalem,
997 4127 1059 4192 vim
1072 4129 1231 4194 causalem
1251 4126 1357 4202 habet,
1384 4138 1418 4191 ut

146 4233 213 4297 Cet.
235 4235 290 4313 23,
319 4235 351 4313 3,
381 4235 437 4300 cui
458 4255 533 4298 cum
557 4233 667 4299 miuus
684 4243 797 4321 pratus
816 4245 908 4312 esset,
929 4233 1009 4319 quia
1033 4233 1148 4322 iuopia
1167 4233 1278 4298 mr'aus
1298 4231 1419 4320 larpiri

143 4351 283 4423 poterat,
299 4352 430 4428 repente
443 4340 591 4427 ploriaus
611 4339 721 4405 maria
742 4339 926 4426 montisque
938 4338 1092 4427 polliceri
1107 4340 1224 4429 coepit3
1242 4342 1258 4405 J
1263 4361 1313 4426 ug.
1331 4340 1364 4418 9,
1384 4342 1415 4417 l,

146 4444 201 4510 sed
215 4447 340 4534 epse-
358 4469 432 4512 cum
450 4445 516 4511 sili
531 4447 635 4535 linem
656 4446 730 4512 uitae
744 4444 855 4512 adesse
870 4446 1076 4534 intelliperet,
1093 4483 1139 4496 —
1150 4445 1286 4523 dicitur3
1309 4446 1364 4524 58,
1381 4449 1415 4522 6,

148 4562 222 4632 etc.;
246 4556 347 4619 -vel
366 4555 608 4633 adversativam,
627 4563 662 4619 ut
678 4556 746 4619 Cat.
770 4555 824 4632 3l,
846 4555 879 4631 7,
895 4574 936 4618 rte
951 4553 1190 4641 eristumareal
1207 4551 1272 4618 sibi
1285 4589 1326 4600 -
1336 4573 1416 4641 per·

148 4655 214 4723 dita
224 4658 406 4748 republica
422 4682 503 4749 opus
518 4657 596 4740 eise,
614 4682 690 4726 cura
706 4681 779 4724 eam
789 4671 935 4725 servaret
948 4663 996 4726 M.
1017 4659 1159 4737 Tullium
1175 4660 1277 4724 -vel
1293 4679 1419 4724 conces·

149 4766 255 4845 sivum,
273 4778 306 4832 ut
321 4769 388 4833 Cat.
408 4769 461 4845 36,
477 4770 510 4847 l,
527 4765 583 4833 cui
596 4787 671 4832 cum
686 4764 734 4832 ad
746 4787 899 4833 occasum
918 4765 961 4832 ab
980 4778 1055 4832 ortu
1069 4766 1146 4832 solis
1157 4765 1270 4832 amaia
1289 4764 1418 4830 domita
