3534 5720
904 447 1101 506 -tco-

330 671 333 676 Ι
365 589 547 680 permittit;
567 594 651 674 (cum
671 601 719 672 ut,
745 593 816 658 Cat.
841 592 897 671 30,
913 593 969 675 5);
995 591 1110 659 dando
1134 592 1221 678 apud
1234 592 1360 660 livium
1383 595 1461 661 satis
1475 596 1641 683 frequens.

369 735 414 750 -
427 696 640 775 Persuadere,
652 699 736 784 apud
751 700 885 766 Sallust.
901 701 1016 778 solnm,
1037 701 1108 786 lug.
1129 701 1184 778 35,
1202 701 1236 778 9,
1249 699 1484 782 persuadet-
1499 720 1646 792 requam

367 803 534 874 Numidiae
553 804 596 871 ab
613 817 731 872 senatu
749 817 853 894 petat.
870 807 918 874 cf.
942 805 1094 885 suadere,
1112 807 1177 874 Cic.
1193 807 1233 874 ad
1253 808 1329 874 fam.
1354 809 1386 888 7,
1403 809 1435 888 7,
1455 810 1469 874 l
1484 833 1493 888 ;
1508 811 1644 876 Patron.

369 913 410 978 35
418 937 427 992 ;
444 913 554 997 Napot.
571 914 604 989 9,
622 914 654 992 4,
669 915 698 978 l.
715 916 897 990 -Petere,
913 915 983 1002 lug.
1003 915 1078 991 409,
1093 916 1129 994 9;
1146 914 1256 980 Cicero
1270 915 1334 980 duo
1348 917 1494 1001 exempla
1516 925 1648 982 tantum

371 1019 489 1103 praebet
506 1019 560 1104 (ad
579 1021 653 1086 iam:
673 1021 725 1098 t3,
739 1021 781 1086 34
792 1031 823 1086 et
837 1021 905 1104 39),
921 1022 1139 1088 Caesar‘unnm
1154 1022 1198 1107 (b.
1214 1039 1245 1106 g.
1263 1023 1295 1101 7,
1308 1022 1376 1106 63).
1389 1023 1646 1112 -Praecipere,

368 1124 438 1208 lug.
452 1125 507 1203 98,
526 1127 539 1191 l
557 1126 650 1211 (Vide
661 1127 772 1214 supra)
784 1151 793 1205 ;
806 1127 1037 1194 rarissimailla
1049 1128 1242 1195 constructio
1253 1129 1390 1195 occurrit
1403 1129 1487 1216 apud
1501 1130 1572 1197 biv.
1589 1131 1645 1209 tt,

369 1231 423 1310 97,
441 1231 473 1307 9,
492 1231 631 1318 etilpnl.
649 1234 721 1300 Met.
745 1235 778 1314 5,
796 1234 848 1300 43.
939 1257 941 1263 ·
1101 1235 1105 1245 “

979 1473 1029 1540 ltt.

652 1675 809 1733 Enunciata
827 1677 1003 1734 substantiva
1016 1693 1081 1733 cum
1097 1693 1130 1734 ae
1145 1659 1357 1750 conjunctione.

413 1875 492 1940 Cum
507 1893 547 1938 ne
561 1870 783 1957 conjunctione
802 1870 992 1937 constructio
1012 1871 1181 1937 verborum
1202 1868 1335 1937 vetandi
1348 1880 1404 1938 aut
1422 1869 1645 1960 impediendi,

369 1980 455 2068 apud
470 1979 653 2047 Ciceronem
673 1977 750 2042 satis
773 1977 933 2064 trequens,
955 1978 1085 2044 omnino
1099 1977 1206 2044 delicit
1220 1977 1306 2064 apud
1321 1979 1491 2057 Caesarem,
1509 1989 1541 2043 et
1558 1977 1650 2063 apud

368 2087 559 2154 Sallustium
572 2084 619 2150 bis
629 2084 807 2150 invenitur:
825 2085 895 2171 lug.
914 2084 968 2162 39,
985 2087 1016 2163 4,
1029 2081 1145 2150 eorzsul
1155 2082 1363 2173 impedimen
1378 2082 1520 2150 tribunis
1532 2081 1650 2171 plebis

264 2225 267 2234 ¹
369 2215 410 2260 ne
429 2193 511 2280 queis
526 2201 715 2281 paraverat
734 2190 846 2279 copias
865 2211 974 2257 secum
997 2201 1166 2280 porteret;
1190 2192 1259 2258 Cat.
1289 2190 1344 2270 30,
1370 2193 1401 2267 4,
1429 2187 1648 2278 impeditius

370 2297 629 2388 trirrmplrorent3
650 2308 757 2384 postea
771 2317 844 2364 vero
860 2297 895 2363 sit
911 2298 1070 2377 usitatior,
1089 2297 1263 2385 prasertim
1280 2297 1366 2384 apud
1381 2296 1519 2363 Livium.

413 2406 528 2474 Rarior
546 2405 642 2472 etiam
667 2403 896 2491 adjectivorum
914 2417 1033 2472 metum
1060 2404 1310 2491 significantium
1333 2423 1405 2471 cum
1425 2424 1466 2468 ree
1490 2403 1649 2490 conjunc-

370 2516 456 2580 tione
472 2511 684 2578 constructio:
705 2511 776 2598 Jug.
793 2512 827 2591 6,
844 2512 876 2589 3,
897 2533 939 2576 ae
953 2532 1020 2599 qua
1036 2509 1153 2578 seditio
1161 2522 1222 2578 unt
1232 2509 1354 2578 bellam
1368 2508 1511 2578 oriretur
1529 2510 1649 2577 anxius

370 2631 453 2686 eret.
1247 2637 1249 2642 ·

376 2765 379 2772 .
418 2728 459 2792 Ut
479 2748 520 2793 ne
544 2725 610 2812 (uti
630 2729 682 2810 ae)
704 2725 969 2794 insubstantiale
992 2727 1172 2794 enunciatis
1199 2745 1301 2814 neque
1326 2725 1412 2811 apud
1437 2723 1648 2802 Sallustium,

372 2853 473 2920 neque
494 2832 579 2920 apud
593 2833 749 2900 Caesarem
769 2833 945 2914 invenitur3
963 2834 1048 2919 apud
1067 2834 1250 2900 Ciceronem
1266 2843 1370 2899 nutem
1384 2832 1463 2900 satis
1477 2833 1648 2918 irequens.

978 3097 1029 3162 lV.

671 3291 828 3349 Enunci'ata
840 3289 1017 3347 substantiva
1032 3306 1097 3346 oum
1112 3291 1172 3346 solo
1189 3289 1339 3346 infinitivo.
1365 3305 1369 3311 ’
1438 3289 1441 3294 ’
1580 3308 1589 3324 ·

415 3491 587 3558 Sallustius
602 3490 725 3577 aliquot
742 3488 858 3568 verbis,
875 3509 946 3575 qum
961 3509 998 3554 ax
1020 3488 1144 3574 vulgari
1160 3505 1304 3555 sermone
1328 3497 1376 3567 at,
1393 3507 1445 3567 ne,
1461 3485 1644 3573 quomirtus

372 3597 544 3684 particulas
559 3596 730 3683 postulant,
745 3603 911 3681 poetarum
925 3593 973 3660 vcl
989 3597 1171 3662 Graecorum
1186 3593 1313 3661 dicendi
1330 3593 1486 3659 rationem
1503 3603 1645 3670 secutus,

341 3691 344 3697 ’
371 3704 565 3770 infinitivum
588 3703 763 3790 subjungit,
785 3701 836 3768 cni
861 3700 1027 3768 brevitatis
1048 3701 1153 3768 studio
1170 3701 1253 3768 inter
1268 3719 1376 3767 omnes
1392 3698 1522 3765 Latinos
1543 3700 1648 3786 scrip-

371 3822 453 3878 tores
476 3811 641 3898 posteriori
670 3820 811 3895 tempore
833 3810 882 3875 vel
909 3810 1048 3876 maxime
1072 3807 1244 3875 indulsisse
1272 3807 1396 3874 Tacitus
1423 3803 1563 3880 videtur.
1595 3806 1648 3873 Sic

372 3928 524 4004 usurpata
541 3917 720 3997 invenimus
741 3913 1040 3981 hortandiverba:
1065 3914 1194 3995 hortor,
1210 3915 1279 3982 Cat.
1302 3915 1334 3990 5,
1355 3914 1389 3991 9,
1403 3933 1455 3978 res
1473 3911 1548 4002 epse
1566 3911 1647 3979 hor·

372 4023 439 4090 tari
455 4017 585 4088 uidetur
611 4023 651 4072 -'·
676 4041 782 4112 supra
803 4027 962 4111 repetere,
988 4043 1028 4088 ae
1042 4021 1165 4111 paneis
1186 4020 1338 4087 instituto
1364 4019 1534 4109 majorum
1554 4017 1649 4086 domi

370 4129 559 4218 militiaque
576 4131 625 4180 -·'
645 4127 825 4209 disserere,
844 4140 876 4194 at
894 4121 974 4195 Hist.
995 4149 1041 4208 ιιι,
1058 4130 1114 4207 89,
1133 4128 1186 4206 47,
1203 4147 1308 4214 raeque
1322 4147 1381 4215 eqo
1396 4125 1576 4192 ansultam
1590 4124 1645 4192 in·

365 4235 479 4326 jurias
492 4235 617 4317 hortor,
639 4233 747 4325 mageis
765 4235 816 4303 uti
826 4234 972 4324 aenariam
992 4233 1143 4324 eripiatis,
1161 4254 1224 4300 non
1240 4234 1331 4301 video
1350 4253 1408 4300 cur
1426 4232 1646 4300 Badstuebner

374 4345 411 4430 (l.
432 4345 452 4408 l.
470 4360 502 4428 p.
525 4345 579 4428 49)
602 4333 659 4429 pe'r
684 4337 880 4410 infinitivum
894 4342 942 4409 ire
965 4342 1117 4429 supinum
1132 4341 1278 4427 explicet.
1295 4341 1343 4408 Αιι
1360 4341 1438 4428 qnia
1453 4338 1642 4417 Arusianus,

375 4451 421 4536 (p.
437 4451 502 4516 934
514 4451 564 4517 ed.
579 4450 743 4536 lisdem.)
761 4450 842 4516 dixit
859 4473 866 4516 :
883 4477 895 4510 ι
911 4451 1027 4516 Ηοιιοι
1042 4449 1114 4516 illos
1129 4450 1260 4528 factum,
1274 4449 1307 4515 h.
1325 4465 1353 4514 e.
1371 4449 1489 4515 factum
1504 4446 1641 4524 ire,·Sal.

372 4555 452 4622 Hist.
472 4577 519 4636 ιιι,
535 4577 638 4644 neque
652 4560 736 4624 etc?
756 4558 837 4643 »Ego
851 4576 925 4630 voro
938 4557 1060 4622 arbitor
1073 4575 1143 4623 eam
1160 4575 1215 4641 per
1229 4575 1262 4622 se
1277 4557 1340 4620 vim
1354 4555 1471 4621 habere
1487 4551 1645 4620 Ιιονιονιιι

372 4664 524 4750 supinum
539 4664 699 4751 negotist.
716 4662 826 4730 eodem
846 4665 925 4743 loco,
942 4683 1040 4751 supra
1057 4686 1064 4728 :
1087 4661 1239 4751 ultroque
1253 4661 1419 4728 licentiam
1434 4659 1469 4728 eie
1486 4681 1543 4727 uos
1562 4679 1643 4725 nne-

373 4781 444 4836 tnm
477 4782 575 4858 atque
598 4771 754 4860 adjutam
783 4771 986 4858 properatis).
1016 4807 1058 4824 -
1080 4769 1249 4836 ‘Similiter
1273 4770 1482 4856 compositum
1509 4767 1641 4834 verbum
