3666 5724
588 847 768 959 PARS
822 848 1062 958 PRIMA.

494 1089 593 1172 nn
661 1088 1149 1174 nnnmnrvrrs

732 1572 860 1639 cleon
885 1575 909 1639 1.
990 1671 992 1676 Ι

671 1791 710 1836 DE
732 1790 974 1837 ottrttootttrnm.

231 1965 377 2032 Primum
391 1965 522 2052 quidem
541 1965 579 2032 de
599 1963 722 2032 ratione
741 1965 910 2032 verborum
927 1963 1167 2032 scribendorum
1186 1965 1264 2052 quid
1284 1965 1458 2034 sentiamus

184 2071 409 2158 exponendum
423 2091 489 2138 esse
505 2070 641 2138 videtur.

231 2179 270 2246 t.
287 2213 333 2230 —
346 2180 520 2249 Voclnrsat
540 2200 594 2246 nno
610 2178 633 2244 t'.
647 2215 693 2228 -
708 2179 880 2246 Sallustius
896 2179 1013 2246 formas
1035 2177 1136 2261 otto,
1163 2177 1289 2259 lubido,
1305 2189 1455 2260 astumc,

184 2284 550 2367 eristumodccrumm,
571 2284 759 2374 laqueemur,
777 2287 810 2352 in
826 2286 944 2374 quibus
956 2285 970 2352 t‘
983 2280 1091 2352 litt'era
1102 2307 1159 2372 pro
1183 2308 1206 2351 o
1219 2296 1327 2372 postea
1342 2284 1410 2353 sola
1426 2286 1458 2354 in

185 2413 249 2460 usu
269 2393 341 2470 luit,
359 2392 613 2479 frequentissime
629 2393 770 2473 adhibet,
786 2412 844 2459 nec
863 2413 1006 2480 unquam
1020 2394 1130 2460 formis
1147 2413 1203 2479 per
1221 2391 1235 2458 i
1253 2393 1378 2479 scriptis
1394 2393 1459 2460 uti-

184 2511 251 2566 tur.
273 2499 428 2566 Similiter
444 2499 476 2565 in
492 2500 678 2584 superlativi
697 2500 806 2566 formis
823 2501 855 2566 in
875 2493 972 2568 umus
989 2501 1178 2568 exeuntibus
1193 2521 1317 2586 semper
1332 2523 1355 2566 u
1372 2500 1457 2566 litte-

185 2625 256 2672 ram
278 2615 421 2691 usurpat.
439 2606 639 2685 Gerlacbins,
657 2607 707 2672 cui
728 2605 900 2674 assentitur
914 2607 1085 2673 Paidamus
1099 2607 1135 2692 (l.
1155 2607 1176 2673 l.
1192 2627 1222 2693 p.
1240 2608 1310 2692 22),
1329 2616 1459 2692 propter

184 2711 360 2800 quamdam
374 2712 442 2778 soni
462 2713 651 2798 gravitatem
668 2713 806 2780 litteram
824 2734 846 2778 tt
863 2734 881 2779 a
897 2714 1049 2780 Sallustio
1063 2715 1273 2799 antepositam
1290 2714 1386 2780 luisse
1404 2734 1457 2799 pu·

183 2829 243 2886 tat.
266 2817 357 2899 Quod
382 2818 512 2905 quidem
534 2839 590 2905 pro
608 2840 681 2885 vero
702 2819 802 2904 accipi
825 2831 949 2905 potest:
976 2821 1153 2886 notandum
1174 2831 1278 2886 tamen
1305 2829 1351 2886 est
1374 2820 1458 2886 hunc

181 2945 279 2991 usum
306 2926 397 2992 nullo
420 2926 513 2992 modo
543 2945 599 3011 pro
620 2925 796 2992 archaismo
823 2926 1006 2994 babendum
1032 2947 1111 3006 esse,
1140 2936 1176 2992 ut
1204 2927 1323 3012 optime
1351 2927 1457 2993 docuit

184 3031 389 3110 Schultzius,
420 3051 457 3098 en
495 3033 696 3118 sagacissima
729 3033 886 3101 Corssenii
926 3032 1176 3119 disputatione¹‚
1216 3053 1316 3118 quum
1348 3032 1458 3101 Velius

181 3140 312 3224 Longus
324 3138 375 3224 (de
389 3138 535 3225 Ortbogr.
552 3159 583 3224 p.
598 3140 697 3225 2235)
719 3139 752 3204 in
769 3139 904 3226 Augusti
926 3141 1077 3225 temporis
1107 3138 1369 3225 inscriptionibus
1399 3138 1457 3206 ite-

182 3265 258 3311 rum
276 3266 299 3310 rt
314 3245 346 3311 in
362 3245 517 3333 ejusmodi
537 3246 641 3312 verbis
656 3247 808 3332 scriptum
824 3247 922 3313 luisse
944 3246 1091 3320 allirmet,
1114 3257 1208 3334 atque
1222 3267 1258 3312 ex
1275 3245 1458 3332 grammati-

183 3371 295 3420 corum
326 3372 479 3419 consensu
511 3353 666 3419 Caesarem
688 3353 935 3439 Ciceronemque
958 3355 1054 3420 verba
1083 3354 1140 3419 illa
1157 3373 1212 3440 per
1244 3352 1259 3418 a'
1288 3352 1457 3418 enuntiare

184 3467 218 3526 et
233 3458 371 3525 seribere
385 3459 494 3524 solitos
507 3479 575 3526 esse
585 3470 716 3526 constet.
730 3459 821 3539 Quod
836 3460 875 3526 ad
887 3480 980 3526 usum
991 3460 1177 3547 superlativi
1188 3460 1297 3526 formae
1311 3459 1343 3524 in
1360 3480 1458 3525 umus

182 3565 328 3632 exeuntis
359 3566 507 3651 pertinet,
529 3586 601 3633 eam
624 3567 824 3646 Gerlacbius‚
854 3567 994 3634 Kritzius
1010 3566 1034 3645 ²,
1060 3565 1240 3632 Dietsobius
1268 3564 1301 3630 in
1332 3566 1457 3631 archois

182 3691 311 3737 morum
329 3691 476 3751 numero,
498 3673 579 3739 sicut
606 3683 637 3739 et
661 3684 766 3739 cetera
794 3693 891 3758 supra
916 3673 1045 3740 laudata
1065 3675 1173 3752 verba,
1196 3672 1375 3738 habendam
1390 3692 1457 3738 esse

181 3787 333 3856 censent3
355 3778 449 3844 Fabri
467 3789 585 3856 autem,
602 3779 643 3844 ad
657 3780 724 3846 Cat.
744 3780 776 3856 l,
794 3780 825 3857 l,
843 3780 924 3845 hanc
949 3780 1136 3864 superlativi
1153 3781 1286 3845 lormam
1306 3778 1457 3845 usitatam

182 3883 283 3950 luisse
299 3883 443 3950 Sallustii
460 3895 551 3952 aetate
574 3896 657 3952 recte
683 3886 858 3964 contendit,
881 3906 981 3971 quum
998 3898 1102 3952 tamen
1118 3887 1235 3952 formas
1255 3895 1289 3951 ut
1304 3895 1454 3962 costuma,

134 3979 142 3984 ’
180 3989 353 4068 lacrumae,
370 4002 445 4072 cet,
464 3993 655 4058 archaismos
671 4013 738 4060 esse
752 4001 852 4078 putet.
871 3995 935 4079 Ego
953 4013 1039 4070 vero,
1058 3991 1249 4060 Schneidero
1266 3991 1453 4071 (Grammat.

181 4097 242 4162 lat.
267 4093 342 4184 ling.
361 4117 392 4183 p.
406 4099 475 4184 lS,)
493 4099 703 4166 acCorssenio
717 4100 913 4178 auctoribus,
930 4099 1065 4165 libenter
1079 4118 1188 4166 censeo
1204 4097 1348 4164 Sallustii
1363 4106 1455 4163 aetate

180 4201 309 4270 aestimo
334 4215 522 4285 etaestumo,
547 4205 741 4272 novissimos
760 4218 790 4272 et
808 4205 1028 4285 novissemus,
1048 4207 1114 4271 sinc
1135 4204 1318 4270 discrimine
1339 4204 1455 4289 scripta

181 4309 303 4388 luisse3
320 4311 404 4395 quod
420 4322 525 4378 autem
536 4313 575 4378 ad
586 4333 697 4380 sonum
713 4314 882 4400 pertineat,
900 4313 1014 4379 litterae
1028 4333 1050 4378 tt
1066 4312 1191 4398 plenam
1206 4331 1240 4377 ac
1251 4311 1455 4377 vernaculam
1546 4299 1547 4304 ’

68 4456 71 4462 ,
184 4417 481 4504 pronuntiationem
498 4429 619 4486 mature
639 4419 853 4487 adulteratam
872 4419 981 4498 fuisse,
1002 4429 1032 4486 et
1061 4418 1217 4504 paulatim
1246 4417 1286 4482 ad
1313 4436 1426 4484 sonum
1444 4414 1458 4481 ί

217 4614 240 4660 l.
266 4610 387 4660 Corssen.
415 4612 502 4662 Ueber
530 4613 706 4678 Ausspruche,
725 4614 887 4665 Vocalismus
912 4614 964 4664 und
991 4615 1128 4677 Botonung
1155 4613 1202 4662 der
1224 4612 1311 4662 latcin.
1329 4611 1455 4674 Sprache,

207 4693 346 4740 ,31-4.

183 4707 200 4756 l)
217 4693 367 4822 2.3Pr3ae?at.
380 4771 413 4822 ad
427 4771 500 4823 Catil.
519 4789 545 4838 p.
561 4789 605 4836 111,
616 4788 669 4824 xru.
