3534 5720
867 416 1064 473 -436-

329 559 367 629 de
383 565 504 629 luvent.
524 583 558 640 ιι,
575 563 628 636 47,
647 563 722 640 438,
744 559 856 625 omnia
872 557 1040 648 supplicia
1059 557 1165 646 calpae
1184 580 1223 623 ac
1242 555 1379 624 malitia
1393 555 1602 623 viredieonelae

329 670 507 739 coristitata
527 690 609 750 esse3
628 668 681 734 ubi
700 677 729 732 et
755 667 881 732 dativus
905 666 1040 753 intelligi
1064 676 1180 751 potest3
1207 665 1239 730 in
1263 665 1355 731 Verr.
1383 686 1416 740 ιι,
1441 665 1496 744 53,
1524 665 1601 742 tae,

330 791 403 868 qaae
429 799 480 842 res
507 773 684 841 evertendae
712 773 901 863 respublica
931 772 1036 838 solent
1066 793 1142 838 esse.
1171 774 1244 838 Post
1273 771 1480 852 Sallustium,
1516 771 1604 856 apud

331 885 455 954 Livium
472 883 556 948 baud
584 903 655 948 ravo
678 881 856 958 invenitur;
886 901 904 944 a
926 880 1033 945 Tacito
1049 891 1156 945 autem
1177 880 1306 964 saepius,
1327 890 1422 964 atque
1444 878 1606 944 interdum

332 991 498 1070 audacius,
512 989 551 1054 ad
567 987 771 1054 indicandam
783 987 878 1052 fineen
888 997 944 1052 aut
958 986 1141 1066 consilium,
1158 1006 1229 1052 cum
1245 985 1348 1052 omnis
1360 986 1485 1072 generis
1498 985 1606 1051 vverbis

331 1108 522 1183 usurpalur;
544 1097 583 1160 cl.
609 1097 692 1162 bun.
706 1095 739 1173 3,
759 1095 818 1175 53;
837 1095 868 1172 3,
887 1095 924 1170 7;
942 1093 1025 1174 3,9;
1043 1093 1123 1158 llist.
1143 1095 1174 1171 4,
1190 1095 1251 1170 25;
1270 1096 1302 1172 4,
1325 1094 1379 1171 ta,
1396 1103 1456 1172 etc,
1478 1104 1510 1158 et
1533 1093 1607 1158 vide

331 1205 501 1272 Boetticher
517 1223 547 1288 p.
566 1202 642 1279 247,
665 1222 699 1266 ac
725 1202 900 1287 prasertim
916 1200 1004 1266 Kritz
1021 1199 1059 1265 ad
1081 1201 1149 1266 Cat.
1172 1200 1204 1274 6,
1224 1201 1256 1278 7,
1272 1200 1325 1286 qui
1342 1200 1444 1266 multa
1460 1199 1609 1284 exempla

335 1312 454 1378 laudat.

376 1419 449 1484 Haec
467 1415 597 1503 quidem
623 1416 701 1480 Sall.
727 1415 873 1498 exempla
895 1413 1099 1480 notavimus:
1126 1414 1194 1478 Cat.
1225 1413 1258 1492 6,
1285 1414 1317 1494 7,
1344 1411 1473 1500 rapiam
1502 1411 1609 1500 impe-

333 1525 434 1603 rinm,
451 1519 542 1611 qaod
555 1519 648 1586 initio
672 1517 903 1586 conservandae
922 1518 1083 1585 libertatis
1102 1530 1201 1605 atqere
1215 1517 1374 1606 carpendae
1397 1518 1610 1609 reipublicae

331 1632 464 1721 [aeram
478 1629 546 1695 Cat.
567 1630 621 1707 46,
638 1614 671 1708 3,
684 1649 823 1717 poenam
836 1625 970 1692 illoram
983 1624 1048 1691 sibi
1061 1625 1163 1706 errari,
1182 1624 1413 1714 impunitatem
1422 1623 1612 1715 perdundae

334 1735 523 1826 reipublicae
543 1734 618 1823 soro
633 1732 804 1814 credebam
830 1735 902 1818 lug.
929 1733 984 1814 88,
1001 1734 1032 1811 4,
1054 1745 1318 1822 priapostqnam
1341 1731 1487 1822 ploriosa
1512 1730 1611 1798 niodo

335 1865 439 1932 neqne
456 1841 533 1908 belli
542 1839 705 1930 patrandi
716 1838 878 1927 repererit,
900 1841 977 1926 (q'uo
998 1843 1064 1906 loco
1083 1840 1166 1906 ltunc
1184 1841 1359 1925 genitivum
1379 1861 1451 1906 ovim
1471 1839 1612 1926 genitivo

337 1948 530 2038 descriptiva
547 1951 656 2034 aliqua
675 1969 710 2014 ex
730 1959 818 2033 parte
834 1967 1009 2033 congruere
1023 1947 1163 2013 dilucide
1180 1950 1345 2033 apparet);
1362 1947 1441 2012 llist.
1461 1969 1482 2022 ι,
1506 1947 1561 2025 lb,
1576 1946 1610 2023 8,

337 2055 440 2123 atille
459 2077 495 2120 eo
504 2053 665 2145 processit
679 2054 731 2119 ati
743 2051 831 2120 nibil
846 2052 1026 2141 pluviosam
1041 2055 1105 2120 nisi
1120 2065 1239 2133 tertam,
1262 2065 1293 2118 ct
1306 2053 1419 2119 cronia
1434 2050 1614 2118 retinendae

339 2162 574 2230 dorrrinationis
606 2161 741 2226 honesta
778 2171 937 2240 castremet,
980 2161 1034 2226 ubi
1061 2164 1199 2245 Drueger
1225 2162 1318 2242 (llist.
1351 2163 1440 2246 Synt.
1472 2182 1502 2246 p.
1532 2161 1612 2244 aet)

260 2351 265 2362 ‚
339 2267 785 2357 genitivuntlinalemvide13
812 2270 853 2334 cl.
871 2269 938 2333 Liv.
958 2268 990 2346 3,
1015 2269 1069 2348 34,
1090 2270 1126 2345 l;
1144 2267 1176 2346 3,
1192 2268 1250 2346 39;
1275 2269 1330 2346 rt,
1346 2267 1378 2348 3,
1397 2270 1454 2348 t23
1477 2269 1532 2347 tu,
1552 2269 1611 2344 293

340 2377 372 2455 5,
391 2377 422 2456 3,
439 2377 471 2456 5,
489 2372 615 2440 tribeati
626 2363 736 2463 plebis
753 2372 961 2440 concordiam
975 2372 1128 2440 ordinum
1142 2377 1267 2454 timent,
1285 2395 1386 2461 petam
1402 2371 1616 2440 dissolvenda

342 2481 488 2548 meaime
508 2479 689 2546 tribunicia
701 2481 873 2570 potestatis
885 2493 1000 2546 rentur
1014 2501 1091 2560 esse,
1113 2495 1171 2559 etc.
1194 2493 1251 2546 etc.

385 2590 485 2654 Paulo
507 2591 600 2654 etiam
628 2589 798 2654 audaciora
815 2589 881 2654 brec
903 2589 998 2654 finem
1018 2599 1073 2653 aut
1092 2589 1261 2653 consiliunt
1282 2587 1422 2654 indicare
1439 2589 1614 2653 videntur:

342 2697 422 2760 Hist.
457 2717 479 2775 ι,
512 2696 567 2774 bl,
599 2696 631 2774 3,
660 2697 706 2761 M.
736 2693 893 2760 AEmilins
922 2731 966 2786 ·.·
994 2694 1172 2760 coercitam
1199 2692 1429 2783 opprimenda
1455 2692 1619 2760 libertatis

342 2799 457 2878 labem
496 2801 573 2867 ibid.
596 2802 629 2881 6,
651 2823 725 2866 cerm
756 2801 892 2890 privata
922 2823 1018 2866 armo
1039 2799 1268 2890 opprimendae
1288 2799 1450 2866 libertatis
1466 2804 1616 2889 cepissem

344 2907 422 2974 ibid.
456 2909 509 2988 46,
541 2906 697 2974 adarma
730 2907 854 2985 civilia,
886 2929 959 2994 qaae
992 2907 1047 2973 ille
1079 2905 1253 2973 adeersum
1274 2906 1386 2972 (liciata
1410 2919 1440 2972 el
1465 2907 1618 2972 bermone

344 3014 457 3080 omerio
471 3013 569 3104 cepit,
587 3035 807 3104 rrereprosna,
825 3026 885 3080 ant
898 3013 1198 3108 qnoramsimalat,
1217 3013 1356 3104 infinie,
1379 3012 1437 3080 secl
1452 3013 1563 3101 leptim
1580 3037 1619 3079 ac

344 3120 506 3187 libertatis
517 3119 758 3188 subvertenda.
778 3125 920 3204 Quorum
936 3123 1032 3187 trium
1052 3122 1282 3207 exemplorum,
1305 3122 1331 3186 si
1351 3122 1414 3186 duo
1438 3121 1547 3208 priora
1565 3142 1621 3208 per

344 3229 519 3313 genitivum
539 3228 766 3314 descriptivum
782 3228 939 3314 explicare
953 3229 1048 3294 etiam
1071 3229 1154 3308 licet,
1174 3226 1330 3313 posterius
1350 3248 1425 3293 sane
1441 3229 1618 3314 genitivum

345 3335 476 3400 finalem
491 3335 595 3402 babet.
613 3335 738 3402 Tacitus
751 3356 825 3400 vero
840 3336 1016 3421 genitivum
1031 3333 1220 3400 substantivi
1237 3355 1308 3402 cuin
1321 3333 1496 3420 gerundivo
1514 3334 1619 3422 juncti

347 3443 464 3526 saepius
480 3442 519 3508 ad
537 3443 854 3521 totumenuntiatum
866 3443 974 3521 relect,
992 3452 1026 3506 ut
1038 3443 1133 3508 tinem
1149 3453 1178 3508 et
1193 3443 1363 3509 consilium
1379 3443 1515 3508 indicet:
1534 3443 1617 3510 Αιιιι.

347 3550 380 3628 3,
398 3550 431 3628 ll,
448 3545 490 3614 ab
510 3548 641 3616 Narnia
660 3548 804 3616 vitandae
817 3547 1011 3637 suspicionis
1026 3547 1185 3615 detrectas.
1208 3551 1271 3616 Hoc
1291 3551 1436 3636 exemplo
1458 3561 1488 3614 et
1508 3549 1621 3614 simili·

348 3656 407 3720 bus
427 3655 616 3720 substantivi
644 3677 745 3722 cansa
763 3656 868 3741 ellipsi
887 3657 967 3722 lalso
989 3657 1162 3742 genitivum
1182 3657 1343 3742 explicant
1363 3655 1525 3735 nonnulli,
1550 3676 1621 3722 cum

349 3761 507 3845 genitivus
523 3781 579 3848 per
594 3781 626 3828 se
640 3762 704 3827 vina
719 3764 845 3828 consilii
859 3772 914 3828 aut
930 3761 1002 3828 finis
1017 3762 1212 3846 exprimendi
1235 3762 1361 3828 babeat.

392 3869 431 3932 H.
458 3903 502 3916 -
525 3868 692 3934 chvvvvvus
710 3889 896 3934 annutritus,
924 3905 969 3917 -
993 3869 1174 3936 Genitivutn
1190 3889 1261 3934 cunt
1284 3867 1433 3934 adverbio
1450 3869 1507 3934 loci
1531 3890 1567 3934 eo
1585 3869 1621 3934 li·

351 3976 460 4040 benter
474 3975 582 4060 jungit
601 3977 772 4040 Sallustius
800 3997 806 4038 :
830 3976 901 4061 lug.
922 3997 945 4054 1,
968 3977 1001 4054 tt,
1025 3986 1056 4040 et
1071 3995 1106 4038 eo
1131 3972 1369 4061 mapnitoclinis
1386 3971 1620 4064 procederent3

351 4083 384 4160 ὅ,
401 4083 434 4160 a,
456 4102 556 4167 errqae
571 4078 728 4148 uecordia
736 4082 909 4170 pr·ocessit;
931 4084 984 4160 44,
1007 4083 1039 4160 3,
1056 4081 1215 4168 paeoniam
1231 4103 1267 4148 eo
1287 4079 1497 4146 miseriarum
1513 4092 1623 4146 ventre·

351 4209 408 4253 ras
428 4209 540 4266 erane3
564 4209 635 4274 quae
654 4200 814 4256 structura
831 4209 995 4276 nunquam
1012 4211 1028 4252 a
1044 4189 1166 4255 Caesare
1179 4198 1209 4253 et
1222 4189 1371 4256 Cicerone
1393 4199 1547 4272 usurpata
1563 4189 1621 4266 estg

352 4293 469 4380 saepius
484 4315 557 4360 vero
571 4295 654 4381 apud
671 4295 860 4380 posteriores
879 4296 1050 4380 scriptores
1071 4296 1219 4361 occurrit.
1242 4295 1289 4362 ut.
1309 4296 1438 4361 Sueten.
1471 4316 1506 4358 eo
1527 4316 1622 4360 orro-

352 4398 675 4488 pantia’propressas
690 4412 755 4479 est‚·
770 4402 843 4466 Tac.
861 4422 897 4465 eo
914 4400 1032 4488 inopiae
1052 4421 1177 4479 vertere,
1199 4412 1257 4466 etc.

397 4509 478 4574 Cum
490 4506 730 4591 pronominibus
740 4507 885 4572 neutrius
900 4505 995 4583 rriltil
1012 4505 1195 4594 quidquam
1214 4521 1273 4572 etc.
1296 4507 1470 4592 genitivum
1496 4507 1625 4592 partiti-

331 4606 336 4618 '
354 4631 428 4678 vrum
449 4595 592 4677 adbiberi
611 4627 718 4679 notum
739 4624 797 4692 est,
816 4614 898 4681 iuter
919 4635 997 4702 quas
1013 4617 1260 4681 constructiones
1276 4613 1323 4680 ba
1340 4613 1402 4678 duo
1419 4613 1566 4680 notandae
1581 4614 1623 4678 vi-

355 4719 471 4785 dentur
488 4741 496 4784 τ
