3534 5720
652 809 845 922 PARS
892 809 1230 942 QUARTA.

411 1070 782 1218 sinanicis
838 1071 1487 1158 consenescamus.
1519 981 1536 1188 1,

889 1345 982 1354 ι--ηι-ι

855 1573 982 1643 eleut
1005 1575 1029 1642 1.

697 1791 737 1836 brt
759 1791 974 1838 SUBSTANTlVlS
1001 1791 1190 1839 ENUNClelS.

929 1969 955 2033 1.

579 2138 737 2194 Enuneiata
753 2136 929 2194 substantiva
942 2153 1008 2194 cum
1022 2141 1053 2194 ut
1068 2141 1079 2174 ²
1094 2139 1305 2212 conjunctione.

351 2298 492 2368 Verbum
501 2295 683 2386 praecipere
706 2315 779 2363 cum
805 2296 1005 2384 conjunctivo
1028 2298 1095 2363 solo
1112 2297 1234 2384 primus
1254 2297 1436 2365 adhibuisse
1454 2299 1589 2366 videtur

308 2405 493 2483 Sallustius,
509 2404 581 2490 lug.
597 2405 653 2482 28,
678 2405 709 2483 l,
720 2401 877 2492 precipit
890 2402 997 2469 omnis
1010 2402 1160 2470 mortalis
1170 2402 1313 2492 pecnnia
1330 2404 1583 2492 aggrediantur;

308 2522 340 2578 at
362 2531 450 2576 more
473 2512 579 2590 solito,
601 2531 672 2576 curn
693 2521 742 2589 nt,
759 2511 828 2577 Cat.
847 2511 901 2588 11,
923 2511 960 2591 5;
980 2510 1051 2595 lug.
1072 2511 1124 2589 l3,
1141 2512 1180 2592 6;
1201 2513 1253 2586 11,
1272 2513 1308 2593 1;
1326 2531 1490 2598 nunquam
1505 2533 1586 2581 vero

307 2637 380 2686 cum
394 2616 566 2696 infinitivo,
587 2616 672 2705 quod
689 2617 774 2703 apud
790 2619 974 2684 Ciceronem
986 2616 1155 2702 aliquoties
1171 2613 1345 2685 invonitur.
1357 2619 1585 2686 Similiterne-

306 2724 435 2813 potitam
450 2721 543 2801 dare,
560 2725 629 2791 Cat.
653 2724 706 2801 40,
735 2725 765 2799 l,
790 2721 894 2812 ipitnr
916 2725 955 2790 P.
980 2721 1143 2790 Umbreno
1163 2722 1295 2792 cuidam
1315 2724 1483 2814 nepotiana
1507 2723 1582 2807 dat,

310 2831 355 2897 uti
372 2828 498 2918 lepatos
511 2828 729 2918 Allobrapnm
745 2829 911 2918 requirat.v
1407 2815 1415 2843 '

355 2936 544 3026 Conjnrare
556 2956 629 3002 cum
649 2936 821 3017 infinitivo,
839 2956 896 3023 pro
908 2946 947 3002 nt
964 2947 995 3003 et
1009 2937 1221 3023 conjunctivo,
1240 2938 1324 3025 apud
1341 2939 1422 3006 Sall.
1442 2939 1586 3026 primum

303 3045 473 3122 ‚invenitur
494 3045 562 3111 Cat.
590 3045 645 3124 52,
668 3044 724 3122 11,
748 3042 965 3132 conjuravere
978 3041 1187 3110 nobilissumi
1203 3042 1280 3110 eicis
1301 3044 1450 3132 palmam
1469 3045 1587 3112 inaen-

310 3148 396 3217 dece.

353 3258 540 3346 Expectare
554 3266 602 3335 nt,
622 3255 678 3343 qni
693 3256 788 3324 semel
805 3265 930 3322 tantum
945 3256 1031 3343 apud
1045 3258 1200 3324 Casuram
1216 3267 1317 3324 exstat
1332 3258 1378 3345 (b.
1395 3278 1422 3324 c.
1444 3281 1467 3336 1,
1484 3260 1517 3335 6,
1539 3262 1586 3346 6)

311 3383 374 3430 non
397 3363 513 3450 legitur
536 3363 621 3450 apud
641 3363 843 3444 Sallustium,
856 3363 910 3451 qui
931 3363 1120 3450 simpliciter
1143 3365 1377 3431 substantivum
1393 3365 1586 3453 plerumque

311 3470 452 3549 adhibet,
468 3481 597 3557 excepto
613 3479 716 3538 tamen
733 3470 812 3537 Hist.
831 3492 854 3550 1,
872 3471 926 3550 51,
944 3471 999 3558 10,
1020 3470 1074 3537 ubi
1090 3468 1171 3536 daem
1186 3471 1335 3538 occurrit.

357 3579 541 3666 Optarent,
555 3589 700 3672 metuere
719 3588 757 3644 nt
777 3578 862 3666 apud
879 3577 1080 3656 Sallustium,
1097 3588 1132 3643 ut
1157 3578 1242 3665 apud
1256 3579 1438 3647 Ciceronem
1458 3589 1489 3646 et
1515 3581 1586 3647 Cae·

312 3703 427 3762 sarem,
445 3684 573 3752 desunt.

355 3789 498 3878 Adnitar
511 3801 550 3857 nt
563 3790 702 3878 primum
718 3791 902 3859 aSallustio
916 3802 1107 3879 usurpatum
1122 3793 1248 3876 estiug.
1266 3791 1586 3872 unanimantem

311 3894 529 3963 adnitendum
548 3907 596 3963 est
609 3896 661 3964 nti
678 3917 782 3987 neque
795 3919 852 3965 vos
863 3897 1050 3988 capiamini
1062 3896 1160 3964 atilli
1173 3899 1303 3987 frctstra
1317 3899 1385 3965 sint
1391 3923 1400 3978 ;
1422 3921 1493 3987 qum
1508 3921 1584 3966 con·

310 4003 440 4070 structio
461 4012 569 4090 postea
583 4003 672 4071 Livio
692 4005 893 4092 frequentata
908 4005 981 4072 luit.

354 4108 452 4179 Nitor
462 4130 503 4175 ne
518 4111 657 4196 primum
675 4111 815 4179 occurrit
827 4112 895 4179 Cat.
915 4112 946 4190 l,
963 4113 994 4187 l,
1014 4131 1145 4178 summa
1160 4131 1221 4201 ope
1238 4110 1303 4177 niti
1313 4110 1404 4178 decet
1421 4133 1461 4177 ne
1479 4111 1586 4179 vitam

310 4215 438 4283 silentio
458 4227 638 4284 transeant.
658 4218 709 4285 Cf.
733 4221 805 4305 lug.
825 4219 878 4299 13,
893 4219 931 4298 8;
949 4219 1002 4296 ll,
1018 4218 1073 4297 20,
1089 4239 1170 4307 qnos
1183 4239 1243 4308 epo
1257 4216 1358 4285 acedia
1372 4241 1504 4286 summa
1523 4240 1587 4309 ope

343 4399 365 4444 1.
383 4394 412 4443 ln
427 4393 476 4444 bac
488 4398 582 4458 quarta
604 4400 676 4458 parte
688 4394 834 4458 tractanda,
849 4394 977 4444 rationem
988 4399 1014 4445 et
1035 4394 1174 4446 divisiones
1196 4395 1314 4460 Drsegeri
1326 4395 1445 4458 syntaxis
1465 4395 1588 4446 adhibui-

311 4479 379 4527 mus,
394 4479 445 4528 quo
458 4464 554 4514 lactum
564 4471 604 4514 est
614 4472 641 4515 ut
656 4465 785 4529 quaedam,
798 4480 857 4530 quae
874 4465 948 4530 prius
963 4481 1010 4516 nos
1021 4465 1157 4531 fugissent,
1184 4465 1288 4516 facilius
1303 4466 1329 4516 in
1349 4479 1428 4531 opere
1441 4481 1586 4531 recognos-

311 4535 391 4586 cendo
406 4535 609 4586 animadvertere
624 4551 655 4586 ac
670 4551 716 4585 suo
731 4536 789 4586 loeo
804 4541 894 4586 notare
905 4536 1015 4590 licuerit.

342 4619 365 4666 2.
383 4615 524 4665 Pristinam
545 4616 655 4666 formam
669 4619 711 4668 nti
728 4617 809 4666 multo
825 4617 984 4680 frequentius
1002 4617 1109 4667 adhibet
1123 4617 1259 4668 Sallustius
1272 4597 1354 4682 'quam
1369 4620 1418 4680 tel5
1442 4617 1528 4681 itaque
1544 4622 1587 4670 etti

311 4685 389 4736 etiam
401 4691 460 4736 ante
474 4687 576 4736 vocales
594 4686 690 4752 legitur
704 4685 821 4752 pluribus
836 4687 911 4750 locis,
929 4695 957 4738 ut
976 4689 1031 4740 Cat.
1049 4692 1088 4748 11,
1111 4692 1141 4750 5;
1158 4689 1198 4746 lt,
1212 4691 1241 4750 33
1259 4688 1321 4753 lug.
1337 4692 1376 4751 11,
1392 4691 1435 4750 13;
1449 4691 1488 4750 28,
1505 4693 1516 4740 1
1530 4697 1558 4740 et
1572 4694 1588 4742 2

174 4732 177 4736 Ι
229 4759 230 4762 ’
311 4763 372 4816 ete„
386 4757 478 4836 (multo
493 4759 590 4822 saepius
602 4773 680 4824 quam
693 4758 720 4810 in
734 4759 865 4824 Catilina).
