3666 5724
920 412 1097 468 -ttt-

374 558 557 624 Ciceronem
571 559 664 642 plura
680 565 754 622 sunt
766 556 909 641 exempla
926 554 980 640 (ad
994 555 1088 620 Attic.
1104 575 1138 624 x.
1157 554 1210 638 ld)
1233 575 1239 617 :
1258 551 1368 618 Tullia
1380 573 1455 618 meu
1470 553 1640 641 peperit...

372 685 425 730 me
449 663 587 752 mirifice
616 661 874 750 tranquillitates
893 659 1002 728 udbttc
1022 671 1208 740 teneurunt,
1233 671 1332 746 utque
1352 660 1481 748 majore
1502 657 1645 748 impedi-

371 783 480 837 mentu
493 771 633 859 fueraut
645 790 747 858 quum
757 767 911 836 custodiae
921 767 1039 858 quibus
1054 787 1226 845 accerbamv
1236 777 1266 832 et
1281 767 1384 848 (Rtiet.
1404 767 1443 833 ad
1453 768 1591 833 Herenu.
1606 787 1642 843 ιι,

374 879 428 953 tl.
443 879 477 964 ὅ)
497 881 585 949 :Nos
597 899 672 944 uero
687 875 904 956 arbitramur,
921 897 987 941 nun
1004 873 1100 941 modo
1114 873 1206 940 nullo
1222 871 1414 962 adjumento
1429 895 1494 940 esse
1513 875 1570 960 (sc.
1593 895 1643 939 co-

372 985 546 1070 guitionem
563 963 860 1070 amphibol'iarum),
874 980 932 1049 sed
937 982 1052 1071 petius
1067 980 1215 1048 musiaco
1231 977 1477 1070 impedimento.

417 1091 512 1156 Nullo
533 1091 630 1176 igitur
644 1090 738 1156 modo
759 1089 910 1156 affirmari
933 1098 1034 1176 potest
1051 1089 1238 1156 Sallustium
1256 1087 1287 1152 in
1305 1087 1517 1154 declinatione
1533 1107 1646 1176 prono-

374 1197 469 1264 minis
484 1195 596 1263 uullus
616 1198 655 1264 ab
670 1198 844 1284 equalium
858 1216 945 1262 more
964 1196 1154 1262 discessisse.

907 1497 1034 1564 CAPUT
1059 1497 1109 1564 tlt.

862 1733 900 1776 DE
923 1731 1155 1780 coadunantibus..

996 1926 1018 1978 1.

669 2085 706 2139 De
723 2083 845 2156 perfectu
861 2083 1012 2138 verborum
1026 2083 1147 2156 neglego
1162 2089 1191 2140 et
1204 2070 1350 2155 intelle'gu.

417 2247 535 2314 Contra
553 2246 716 2330 vulgarem
731 2265 825 2311 usum
841 2244 991 2331 loquendi
1014 2245 1069 2310 bas
1092 2245 1208 2310 surmus
1228 2243 1412 2310 adhibuisse
1431 2243 1557 2310 videtur
1573 2244 1646 2310 Sal·

375 2353 508 2420 lustius:
525 2349 717 2440 nepleqisset
732 2353 814 2436 (lug.
831 2351 886 2432 td,
905 2353 950 2436 l),
962 2350 1143 2438 aepleperis
1162 2351 1245 2437 (Cat.
1263 2352 1318 2428 iil,
1333 2351 1387 2431 et,
1406 2351 1439 2415 in
1455 2351 1583 2436 optimis
1597 2371 1645 2417 co·

289 2541 293 2550 .
374 2459 510 2540 dinibus,
528 2459 688 2546 praecipue
704 2459 736 2524 in
752 2458 924 2525 Parisiensi
946 2461 1037 2542 longe
1053 2457 1205 2544 optimo);
1227 2455 1449 2545 iutellcpcriut
1464 2460 1517 2545 (H.
1540 2480 1564 2534 ι,
1589 2459 1644 2536 lab,

373 2567 444 2652 23),
458 2566 512 2632 ubi
530 2575 633 2631 tamen
649 2565 822 2633 Vaticanus
834 2563 1058 2652 iutellepereut
1073 2565 1181 2641 habet,
1202 2564 1405 2630 minusbono
1420 2585 1514 2631 sensu
1524 2589 1532 2645 ;
1550 2564 1647 2630 iutel-

372 2671 452 2760 lepit
476 2674 515 2758 (J.
538 2674 571 2750 6,
597 2675 630 2756 2)
656 2695 663 2737 ε
689 2671 816 2754 Quibus
834 2670 931 2738 rebeus
956 2671 1108 2760 Micipsa,
1134 2653 1271 2737 ‘tametsi
1288 2669 1382 2736 initio
1408 2669 1645 2760 immisceret,

373 2779 576 2846 existumans
587 2781 743 2846 vt'rlutem
754 2779 925 2868 ‚lupurtbae
938 2799 1038 2866 reque
1050 2798 1109 2845 suo
1120 2776 1236 2867 pluria
1247 2777 1333 2865 fore,
1349 2785 1459 2854 tumea
1465 2789 1646 2868 postquam

372 2923 415 2938 -
432 2884 600 2974 tatetteqta
622 2885 828 2952 veliementer
843 2907 880 2952 eo
894 2885 1025 2974 nepotis
1038 2897 1221 2975 permotus,
1238 2883 1345 2951 metite
1364 2907 1439 2952 cetui
1458 2884 1571 2952 utriaco
1585 2907 1646 2950 suo

371 2991 539 3076 uoluebut;
559 2994 611 3060 ubi
627 2994 838 3062 ludicativum
849 2993 978 3059 dillicile
988 3003 1034 3058 est
1045 2994 1164 3072 videre,
1178 3003 1306 3080 propter
1316 2993 1537 3079 Imperfectum
1549 3013 1646 3059 enun-

373 3102 449 3167 tiato
469 3101 622 3188 primario
640 3100 789 3187 positum.
811 3101 944 3180 Anbalt,
965 3100 1169 3168 Weinholdic
1196 3121 1353 3179 assensus,
1381 3120 1433 3166 eas
1449 3102 1567 3167 termas
1582 3111 1659 3166 non'

372 3207 575 3294 usurpandas
596 3206 628 3272 iu
649 3207 788 3274 editione
813 3218 930 3286 censet,
955 3207 1095 3292 primum
1120 3207 1205 3293 quod
1231 3208 1359 3274 anullo
1379 3199 1585 3294 grammatico
1611 3217 1647 3273 ut

371 3315 566 3381 Sallustiana
591 3325 820 3394 memorentur,
843 3313 958 3380 deinde
985 3315 1070 3400 quod
1089 3313 1275 3380 Parisianus
1308 3314 1363 3380 ille
1387 3316 1442 3401 qui
1464 3313 1646 3402 irepleperis

370 3423 438 3487 Cat.
461 3421 516 3502 bl,
538 3423 581 3487 bd
602 3421 740 3496 exhibet,
761 3419 953 3508 ueplesisset
969 3429 1078 3487 contra
1097 3421 1167 3505 Jug.
1187 3421 1241 3498 td,
1260 3421 1275 3486 l
1295 3422 1419 3502 aderat,
1437 3422 1646 3507 pluribusque

372 3529 448 3595 locis
464 3529 510 3611 (C.
526 3529 581 3605 tu,
597 3529 633 3608 33
649 3529 676 3594 J.
695 3529 751 3606 93,
773 3528 810 3606 3;
828 3529 866 3594 Η.
885 3550 934 3607 ιιι,
952 3529 1006 3606 82,
1028 3528 1061 3614 9)
1080 3525 1243 3593 intellexit
1255 3527 1402 3594 omnibus
1417 3527 1579 3595 codicibus
1600 3529 1645 3594 lc·

370 3646 473 3722 gutur.
490 3636 666 3701 Fatendum
677 3645 782 3702 tamen
794 3645 841 3702 est
852 3653 914 3700 nun
928 3655 1053 3721 semper
1068 3635 1128 3701 sibi
1142 3647 1286 3702 constare
1300 3645 1444 3702 nostrum
1458 3635 1646 3718 scriptorem

371 3744 404 3808 in
425 3743 583 3809 veteribus
603 3743 714 3809 l'ormis
734 3742 935 3821 adhibendis,
953 3762 1010 3808 nec
1029 3762 1157 3808 causam
1177 3743 1259 3808 banc
1274 3742 1350 3809 satis
1364 3743 1506 3810 validam
1521 3762 1587 3810 esse
1609 3753 1645 3810 ut

354 3837 565 3916 ‘archaismos
581 3850 759 3936 exscriptis
774 3849 973 3916 sallustianis
989 3850 1118 3916 omniuo
1132 3845 1340 3935 expellamus,
1358 3851 1383 3918 si
1401 3852 1481 3919 lorle
1500 3872 1563 3918 non
1579 3871 1643 3917 unc

369 3967 477 4023 mucre
497 3967 647 4043 certaque
668 3957 790 4024 ratione
814 3958 960 4045 usurpati
978 3958 1159 4024 videantur.
1178 3958 1225 4026 df.
1244 3954 1348 4026 dictiue
1365 3969 1396 4026 et
1415 3957 1570 4038 decorum,
1589 3978 1642 4023 su·

370 4084 441 4150 pra,
459 4085 531 4152 pag.
550 4066 582 4130 5.

989 4190 1025 4258 ll.

565 4368 603 4425 [le
619 4367 820 4425 terminatione
836 4369 928 4424 tertiae
944 4385 1074 4441 personae
1088 4368 1206 4440 pluralis
1221 4367 1339 4440 perlecti
1355 4368 1447 4424 activi.

414 4527 528 4594 Forma
548 4549 600 4594 ere
621 4528 712 4594 tertia
727 4547 869 4615 personae
890 4528 1026 4616 pluralis
1047 4527 1176 4614 perlecti
1193 4527 1286 4594 activi
1305 4547 1430 4614 semper
1454 4528 1518 4594 iere
1540 4526 1643 4592 utitur

369 4635 558 4712 Sallustium
582 4635 806 4702 recentissimis
826 4635 911 4700 enim
938 4635 1081 4702 codicum
1101 4635 1325 4702 collationibus
1348 4657 1366 4700 a
1388 4633 1526 4710 dardano
1552 4633 1641 4698 iactis

371 4742 517 4828 sequitur
531 4751 565 4808 ut
578 4741 711 4808 sormam
732 4742 764 4808 in
784 4753 880 4819 errent
897 4743 1027 4808 omnino
1047 4751 1169 4808 tantum
1185 4753 1299 4830 quater
1314 4752 1399 4808 certo
1419 4741 1637 4828 usurpaverit:
