3534 5720
662 433 861 530 fiss-

121 583 217 650 vcrba
234 581 390 650 inlinitivo
406 581 555 650 historico
572 583 674 671 posita
690 583 931 670 perspiciamus,
951 581 1200 661 considerantes,
1218 582 1299 649 sicut
1319 593 1350 649 et
1364 584 1395 650 in

122 689 285 776 subjectis,
301 696 441 776 primum
456 700 617 769 naturam,
633 689 749 756 deinde
762 710 932 758 nnmerum
948 709 1070 756 eorum.

168 796 309 864 Primum
332 797 490 876 omnium,
512 796 707 864 infinitivum
725 797 889 883 praesentis
904 796 1008 863 solum
1022 796 1073 862 hic
1089 797 1238 882 usurpari
1256 817 1345 883 posse
1360 817 1397 864 ex

122 901 309 970 definitione
337 923 440 989 supra
459 902 605 986 instituta
630 912 731 990 patet;
757 903 842 990 quod
860 903 991 990 quidem
1014 921 1113 980 unum
1135 904 1307 988 reperitur,
1333 924 1397 970 non

122 1012 229 1077 solum
245 1010 330 1096 apud
345 1020 488 1076 nostrum
503 1009 702 1104 scriptorem,
719 1009 883 1076 sedetiam
899 1009 985 1096 apud
1004 1020 1135 1076 ceteros.
1157 1011 1314 1078 Praeterea
1329 1013 1398 1097 ple-

123 1137 261 1204 rumque
279 1118 414 1184 formam
434 1117 570 1184 activam
585 1116 699 1187 induat
721 1137 845 1183 necesse
860 1129 918 1194 est,
936 1137 1036 1204 quum
1052 1116 1156 1203 reipsa
1171 1135 1278 1184 veram
1298 1116 1398 1184 actio·

123 1223 344 1314 ncm'iudicet,
361 1224 426 1290 sive
441 1235 615 1303 externam,
632 1223 698 1290 sive
713 1223 869 1299 internam
888 1247 894 1289 :
915 1225 948 1290 7ο
961 1224 1050 1294 Actio
1066 1234 1198 1290 externa
1215 1233 1337 1290 tantum
1354 1244 1398 1290 os·
1485 1206 1496 1233 ⁸

123 1330 279 1411 tenditur,
297 1330 432 1417 exempli
448 1329 563 1416 gratia,
579 1331 650 1416 lug.
670 1331 724 1410 ll,
741 1332 774 1410 5,
791 1341 978 1409 vastare...
1001 1351 1248 1420 7777797777...
1265 1327 1399 1418 predas

122 1458 278 1526 apere...
293 1448 479 1516 7777777777...
492 1434 686 1518 vendere...
699 1436 842 1504 merceri
849 1462 856 1514 ;
868 1439 903 1503 2⁰
914 1437 996 1504 actio
1008 1445 1114 1504 autem
1126 1445 1248 1504 tanturn
1259 1437 1396 1516 interna,

121 1546 195 1630 lug.
219 1545 274 1624 70,
293 1546 324 1621 7,
341 1565 444 1614 7777777
457 1565 508 1609 res
526 1563 656 1632 cupere,
677 1541 724 1614 cd
736 1542 917 1632 pernicicm
935 1543 1008 1633 ejus
1029 1541 1143 1610 dolum
1162 1563 1319 1632 quaerere,
1341 1541 1400 1610 dite

122 1662 289 1738 noctuque
304 1649 454 1740 fctipcrc
477 1648 644 1730 enimum3
669 1651 702 1716 3ο
722 1651 860 1718 actiones
876 1649 1016 1738 denique
1030 1635 1249 1736 internae‘cum
1262 1651 1400 1717 externis

123 1759 245 1834 mixta,
268 1759 336 1824 Cat.
364 1758 417 1836 l2,
440 1758 473 1834 2,
495 1777 624 1844 repere,
646 1777 847 1838 consumere,
863 1756 969 1846 parci
982 1754 1136 1846 pendere,
1164 1777 1293 1846 carpere,
1315 1755 1404 1823 777777

121 1862 219 1953 pensi
231 1862 364 1944 dobere,
382 1873 412 1929 et
428 1863 574 1949 pluribus
594 1863 666 1930 aliis
683 1863 771 1930 locis.

167 1971 276 2044 Verba
291 1991 370 2050 esse,
391 1967 502 2035 adesse
521 1969 638 2055 saepius
651 1981 862 2056 usurpantur,
884 1969 940 2042 ulti
956 1990 994 2036 en
1008 1989 1132 2036 summa
1149 1971 1289 2036 locorum
1305 1973 1399 2043 actio-

125 2097 198 2144 nem
218 2095 324 2154 veram
340 2077 478 2162 cogitare
491 2077 661 2156 debeamus
679 2101 686 2142 :
710 2074 834 2156 edesse,
851 2077 961 2147 codem
981 2077 1046 2144 lere
1058 2096 1152 2144 sensu
1169 2097 1204 2144 ac
1217 2075 1325 2148 subito
1340 2098 1407 2165 777,

120 2203 260 2272 perere,
290 2179 445 2248 aduenire
466 2184 537 2268 lug.
566 2185 620 2260 775,
654 2185 695 2263 23
726 2185 782 2263 50,
807 2186 843 2263 7;
869 2183 924 2257 87,
951 2185 990 2263 23
1020 2184 1143 2264 96,,3;
1171 2184 1247 2261 700,
1273 2185 1311 2264 33
1334 2203 1402 2258 ¹esse

127 2290 426 2368 invenitu1·Cat.li,'
447 2291 466 2354 5
487 2288 607 2378 (pauci
625 2311 665 2355 ee
680 2288 795 2356 amicis
809 2288 937 2355 77777777
954 2289 1049 2369 essel;
1072 2292 1126 2370 20,
1144 2292 1180 2370 7;
1199 2292 1253 2368 27,
1272 2291 1398 2376 23lug.

127 2397 157 2474 6,
177 2398 192 2462 7
209 2417 219 2476 ;
236 2397 291 2475 50,
305 2397 344 2475 2;
361 2397 416 2475 55,
431 2397 451 2462 2
469 2395 578 2483 (some
591 2393 631 2461 de
644 2395 947 2482 Metellopraeelarc
962 2416 1042 2478 essc3
1059 2398 1099 2462 cl.
1116 2397 1172 2476 73,
1190 2399 1222 2476 5,
1240 2395 1275 2462 in
1289 2395 1402 2484 majus

127 2501 324 2586 celebrere);
346 2503 402 2581 97,
420 2504 439 2568 l
457 2500 619 2588 (secundis
634 2501 730 2570 rebus
741 2501 867 2590 feroces
880 2523 962 2584 esse;
983 2504 1023 2568 cl.
1041 2501 1171 2590 opilare
1186 2503 1303 2589 saepius
1317 2502 1401 2589 apud

128 2610 320 2676 Sallustium
339 2610 563 2695 usurpatum);
581 2610 636 2686 95,
653 2611 673 2676 3
691 2609 719 2686 1;
745 2610 800 2687 73,
827 2611 863 2687 l;
881 2610 956 2688 773,
974 2609 1005 2676 3.
1022 2609 1057 2676 ln
1079 2611 1155 2676 locis
1169 2629 1244 2686 uero
1259 2630 1331 2696 quae
1345 2621 1403 2678 sta·

130 2730 194 2782 tum
214 2715 399 2782 interiorem
423 2735 607 2802 expressum
622 2715 751 2793 habent,
769 2716 978 2782 inveniuntur
993 2716 1078 2802 apud
1103 2715 1292 2784 Sallustium
1307 2715 1403 2780 verba

133 2843 258 2904 cavere,
275 2820 401 2902 77777777,
420 2832 577 2900 metuere,
599 2841 733 2910 pavere,
754 2841 944 2912 pavescere,
971 2819 1090 2902 laeteri,
1112 2819 1234 2902 dolere,
1260 2818 1401 2900 credere,

133 2949 221 3018 spem
243 2927 378 3008 dobere,
402 2925 566 3016 diffidere.
583 2928 625 2994 nt
647 2928 823 2994 notandum
850 2939 896 2994 cst
917 2928 1064 2995 omnibus
1081 2928 1131 2994 his
1155 2929 1231 2995 locis
1250 2947 1314 2994 non
1341 2941 1404 2997 tam

133 3047 248 3102 statum
273 3045 303 3100 et
330 3035 477 3100 allectum
502 3035 599 3100 animi
626 3034 787 3120 passivum
811 3055 908 3122 quam
934 3035 1226 3100 manifestationem
1248 3034 1337 3110 illius
1357 3054 1405 3099 ex·

136 3142 241 3226 primi.
263 3141 312 3208 ct.
329 3142 401 3226 lug.
420 3142 476 3220 98,
496 3143 529 3219 6,
556 3139 643 3220 dein,
665 3139 786 3207 crebris
804 3139 937 3229 iqoidcrs
952 3141 1065 3229 sactis,
1088 3140 1285 3230 plerumque
1302 3139 1406 3206 noctis

135 3247 271 3314 57707777
296 3269 462 3314 mareson
492 3247 611 3327 laeteri,
629 3249 791 3323 77777777,
811 3259 954 3337 strepere
968 3246 1101 3314 occidus
1115 3259 1148 3313 et
1164 3246 1229 3336 ipsi
1242 3245 1340 3318 duces
1352 3246 1418 3334 fe.

134 3377 230 3433 rocos,
249 3354 330 3443 qctc'e
348 3375 416 3420 7777
432 3356 605 3444 [repererat
627 3376 690 3444 pro
714 3353 892 3446 pictoribus
911 3375 1024 3443 eperc3
1042 3365 1195 3442 praeterea
1209 3356 1279 3424 Cat.
1296 3353 1352 3434 37,
1367 3354 1418 3430 3;1

136 3463 187 3542 57,
208 3463 269 3542 29;
285 3463 356 3548 lug.
376 3462 431 3537 73,
447 3463 484 3543 5;
502 3463 556 3540 39,
575 3463 613 3541 7;
632 3462 686 3540 tlt,
706 3462 741 3543 l;
759 3462 815 3542 55,
832 3461 871 3543 3;
894 3463 949 3541 77,
965 3465 1003 3542 23
1021 3463 1076 3544 97,
1093 3464 1131 3542 23
1147 3462 1224 3541 706,
1240 3465 1272 3528 6.

176 3580 326 3646 Ceterum
356 3577 515 3644 infinitivo
535 3577 685 3644 historico
712 3579 846 3645 verbum
864 3599 972 3668 posse,
988 3587 1177 3666 usurpatum
1205 3597 1271 3644 esse
1288 3577 1406 3644 mirum

29 3729 30 3740 ,
139 3695 192 3763 est,
207 3683 293 3771 quod
314 3685 345 3750 in
365 3685 468 3750 tribus
484 3684 560 3750 locis
577 3683 781 3750 Sallustianis
801 3685 964 3752 invenitur
983 3709 990 3750 :
1011 3687 1082 3771 lug.
1100 3685 1154 3761 69,
1177 3686 1210 3763 2,
1236 3682 1288 3749 777
1309 3695 1409 3772 utque

30 3787 32 3864 ⁴,
135 3790 253 3877 predae
269 3811 341 3880 spes
355 3787 502 3880 amplius
517 3811 619 3878 qoem
635 3789 794 3857 lassitudo
805 3811 913 3880 posse,
928 3793 982 3858 ubi
1000 3805 1153 3878 tanquam
1167 3789 1278 3858 colere
1292 3790 1409 3856 intelli·

138 3899 271 3982 gendum
298 3908 344 3964 est
359 3897 494 3984 ideoque
513 3897 622 3966 minus
640 3898 841 3978 mirandum3
858 3897 913 3964 sed
929 3897 960 3964 in
976 3899 1045 3985 lug.
1064 3899 1120 3977 67,
1136 3901 1157 3964 2
1178 3907 1210 3962 et
1229 3899 1297 3964 Cat.
1316 3897 1372 3975 25,-
1389 3897 1409 3961 5

139 4023 206 4071 vere
226 4005 420 4071 anomaliam
434 4005 600 4071 habemus.

167 4149 188 4193 t:
204 4145 261 4194 Hoc
273 4144 331 4194 loco
350 4145 454 4210 (777777
468 4144 549 4197 sulla
570 4147 653 4210 777777
664 4147 784 4210 7777777777
801 4143 897 4196 cottiis
912 4143 969 4205 7777
987 4143 1095 4210 7777777777
1109 4144 1171 4208 jem
1185 4155 1275 4208 prope
1293 4143 1412 4194 7777777777

141 4213 268 4276 mojorem
282 4220 406 4280 tpnovto,
420 4215 517 4268 77777777
529 4217 628 4268 Grecis
641 4219 667 4266 et
687 4217 788 4274 7777777
799 4217 886 4280 jecta
901 4219 987 4280 77777
1001 4215 1158 4267 doctisssime
1175 4213 1304 4270 77777777,
1319 4215 1412 4264 7777777

140 4287 243 4349 tacenti,
265 4288 379 4352 cupidus
393 4287 574 4352 voluptatum,
587 4288 633 4338 sed
648 4287 742 4352 777777
752 4287 883 4351 cupidior,
899 4291 954 4340 7777
972 4287 1114 4340 luxurioso
1128 4287 1206 4350 esse),
1224 4289 1329 4350 propter
1340 4289 1411 4334 ante·

141 4356 230 4406 cedens
249 4355 313 4418 fuit,
329 4357 447 4422 pluribus
459 4356 522 4407 viris
536 4357 620 4408 doctis
639 4357 724 4406 visum
739 4366 779 4408 est
793 4371 845 4409 esse
859 4357 941 4407 deleri
957 4364 1086 4422 oportere,
1101 4364 1223 4421 tanquam
1238 4371 1272 4404 ex
1290 4354 1413 4403 varietate

143 4427 250 4482 cundem
265 4428 370 4478 lectioni
387 4443 433 4480 oso
445 4428 525 4478 allate
544 4429 641 4480 oriens.
656 4428 803 4492 Utcumque
822 4443 865 4477 ree
879 4443 907 4477 ss
921 4428 1009 4486 hebet,
1029 4441 1087 4482 este
1105 4428 1131 4478 in
1144 4425 1265 4479 omnibus
1280 4425 1414 4476 codicibus

143 4505 230 4557 exstat,
244 4505 270 4548 et
283 4515 314 4548 ex
329 4499 483 4566 antiquitate
498 4500 672 4550 remotissima
684 4498 814 4564 originem
828 4498 907 4550 ducit.
923 4499 1044 4564 (Koziol.)
1059 4527 1089 4537 -
1104 4499 1188 4557 Quum
1202 4499 1228 4547 in
1243 4497 1312 4547 hunc
1328 4496 1413 4545 locum

145 4581 225 4617 sermo
238 4569 370 4631 inciderit,
385 4571 482 4620 addere
500 4571 579 4620 liceat
594 4571 663 4636 quod
681 4569 761 4620 verbe
776 4573 857 4635 alque
872 4571 1044 4629 doctissume,
1062 4585 1120 4634 quae
1135 4569 1255 4634 inatres
1271 4569 1415 4620 doctissusn

145 4637 268 4690 lordonus
292 4647 391 4705 etpost
406 4657 465 4694 eum
480 4642 618 4694 Jacobsius
631 4641 758 4694 mutanda
777 4647 944 4702 censuerunt,
958 4657 1041 4706 nuper
1054 4642 1082 4691 in
1096 4655 1143 4692 suo
1157 4639 1311 4704 ‘opocen-mes
1325 4637 1416 4696 877777

145 4711 217 4760 777777
232 4711 358 4777 inscripto
371 4711 460 4762 libello
475 4713 617 4778 (Erlangae,
635 4713 705 4777 7877)
720 4712 760 4762 777
772 4712 865 4764 doctus
875 4714 920 4764 Fr.
935 4713 1018 4778 Vogel
1032 4711 1137 4763 omnino
1151 4711 1261 4762 delenda
1272 4707 1413 4766 contendit,

147 4791 190 4826 non
205 4781 259 4831 sine
272 4783 383 4846 quadam
397 4784 512 4834 veritatis
529 4783 622 4848 specie.
848 4793 851 4802 ⁴
