<?xml version="1.0" encoding="UTF-8"?>
<!DOCTYPE html PUBLIC "-//W3C//DTD XHTML 1.0 Transitional//EN"
    "http://www.w3.org/TR/xhtml1/DTD/xhtml1-transitional.dtd">
<html xmlns="http://www.w3.org/1999/xhtml" xml:lang="en" lang="en">
 <head>
  <title>
</title>
<meta http-equiv="Content-Type" content="text/html;charset=utf-8" />
  <meta name='ocr-system' content='tesseract 3.04.00' />
  <meta name='ocr-capabilities' content='ocr_page ocr_carea ocr_par ocr_line ocrx_word'/>
</head>
<body>
  <div class='ocr_page' id='page_1' title='image "./desermonesallus01consgoog_0267.png"; bbox 0 0 3576 5724; ppageno 0'>
   <div class='ocr_carea' id='block_1_1' title="bbox 735 783 1296 918">
    <p class='ocr_par' dir='ltr' id='par_1_1' title="bbox 735 783 1296 918">
     <span class='ocr_line' id='line_1_1' title="bbox 735 783 1296 918; baseline 0.004 -22"><span class='ocrx_word' id='word_1_1' title='bbox 735 785 933 902; x_wconf 82' lang='lat' dir='ltr'><strong>PARS</strong></span> <span class='ocrx_word' id='word_1_2' title='bbox 978 783 1296 918; x_wconf 80' lang='lat' dir='ltr'><strong>QUINTA.</strong></span> 
     </span>
    </p>
   </div>
   <div class='ocr_carea' id='block_1_2' title="bbox 386 1081 1652 1170">
    <p class='ocr_par' dir='ltr' id='par_1_2' title="bbox 386 1081 1652 1170">
     <span class='ocr_line' id='line_1_2' title="bbox 386 1081 1652 1170; baseline 0 -2"><span class='ocrx_word' id='word_1_3' title='bbox 386 1087 452 1168; x_wconf 82' lang='lat' dir='ltr'><strong>DE</strong></span> <span class='ocrx_word' id='word_1_4' title='bbox 479 1083 750 1168; x_wconf 73' lang='lat' dir='ltr'><strong>suenonis</strong></span> <span class='ocrx_word' id='word_1_5' title='bbox 776 1081 1137 1168; x_wconf 81' lang='lat' dir='ltr'><strong>suttusutattt</strong></span> <span class='ocrx_word' id='word_1_6' title='bbox 1171 1086 1652 1170; x_wconf 80' lang='lat' dir='ltr'><strong>PROPRISTATIBUS.</strong></span> 
     </span>
    </p>
   </div>
   <div class='ocr_carea' id='block_1_3' title="bbox 322 1689 1657 2536">
    <p class='ocr_par' dir='ltr' id='par_1_3' title="bbox 322 1689 1657 2536">
     <span class='ocr_line' id='line_1_3' title="bbox 425 1689 1657 1784; baseline -0.002 -24"><span class='ocrx_word' id='word_1_7' title='bbox 425 1695 471 1760; x_wconf 89' lang='lat' dir='ltr'><strong>De</strong></span> <span class='ocrx_word' id='word_1_8' title='bbox 486 1691 631 1760; x_wconf 75' lang='lat' dir='ltr'>Sallustii</span> <span class='ocrx_word' id='word_1_9' title='bbox 653 1692 776 1760; x_wconf 88' lang='lat' dir='ltr'><strong>ratione</strong></span> <span class='ocrx_word' id='word_1_10' title='bbox 792 1691 916 1761; x_wconf 81' lang='lat' dir='ltr'><strong>dicendi</strong></span> <span class='ocrx_word' id='word_1_11' title='bbox 935 1692 1002 1778; x_wconf 89' lang='lat' dir='ltr'><strong>jam</strong></span> <span class='ocrx_word' id='word_1_12' title='bbox 1025 1691 1246 1760; x_wconf 89' lang='lat' dir='ltr'><strong>disserendum</strong></span> <span class='ocrx_word' id='word_1_13' title='bbox 1265 1701 1329 1758; x_wconf 92' lang='lat' dir='ltr'><strong>est:</strong></span> <span class='ocrx_word' id='word_1_14' title='bbox 1352 1711 1416 1759; x_wconf 91' lang='lat' dir='ltr'><strong>uon</strong></span> <span class='ocrx_word' id='word_1_15' title='bbox 1432 1689 1518 1782; x_wconf 87' lang='lat' dir='ltr'><strong>quod</strong></span> <span class='ocrx_word' id='word_1_16' title='bbox 1532 1690 1657 1784; x_wconf 83' lang='lat' dir='ltr'><strong>singula</strong></span> 
     </span>
     <span class='ocr_line' id='line_1_4' title="bbox 384 1797 1656 1887; baseline -0.002 -20"><span class='ocrx_word' id='word_1_17' title='bbox 384 1800 594 1887; x_wconf 77' lang='lat' dir='ltr'><strong>perstringere</strong></span> <span class='ocrx_word' id='word_1_18' title='bbox 615 1799 649 1872; x_wconf 89' lang='lat' dir='ltr'><strong>iu</strong></span> <span class='ocrx_word' id='word_1_19' title='bbox 672 1800 779 1868; x_wconf 89' lang='lat' dir='ltr'><strong>auimo</strong></span> <span class='ocrx_word' id='word_1_20' title='bbox 794 1797 838 1866; x_wconf 87' lang='lat' dir='ltr'><strong>sit</strong></span> <span class='ocrx_word' id='word_1_21' title='bbox 861 1802 949 1882; x_wconf 89' lang='lat' dir='ltr'><strong>(nam</strong></span> <span class='ocrx_word' id='word_1_22' title='bbox 963 1799 1080 1886; x_wconf 71' lang='lat' dir='ltr'><strong>saepius</strong></span> <span class='ocrx_word' id='word_1_23' title='bbox 1099 1807 1207 1866; x_wconf 91' lang='lat' dir='ltr'><strong>nostra</strong></span> <span class='ocrx_word' id='word_1_24' title='bbox 1226 1807 1317 1866; x_wconf 89' lang='lat' dir='ltr'><strong>aetate</strong></span> <span class='ocrx_word' id='word_1_25' title='bbox 1340 1797 1379 1865; x_wconf 91' lang='lat' dir='ltr'><strong>de</strong></span> <span class='ocrx_word' id='word_1_26' title='bbox 1395 1799 1454 1864; x_wconf 86' lang='lat' dir='ltr'><strong>hae</strong></span> <span class='ocrx_word' id='word_1_27' title='bbox 1478 1799 1656 1885; x_wconf 74' lang='lat' dir='ltr'><strong>quaestione</strong></span> 
     </span>
     <span class='ocr_line' id='line_1_5' title="bbox 382 1905 1653 1994; baseline -0.002 -21"><span class='ocrx_word' id='word_1_28' title='bbox 382 1907 580 1992; x_wconf 89' lang='lat' dir='ltr'><strong>disputatum</strong></span> <span class='ocrx_word' id='word_1_29' title='bbox 595 1906 668 1994; x_wconf 91' lang='lat' dir='ltr'><strong>est),</strong></span> <span class='ocrx_word' id='word_1_30' title='bbox 685 1905 738 1976; x_wconf 87' lang='lat' dir='ltr'><strong>sed</strong></span> <span class='ocrx_word' id='word_1_31' title='bbox 754 1926 854 1992; x_wconf 85' lang='lat' dir='ltr'><strong>pauca</strong></span> <span class='ocrx_word' id='word_1_32' title='bbox 874 1907 933 1974; x_wconf 87' lang='lat' dir='ltr'><strong>hoo</strong></span> <span class='ocrx_word' id='word_1_33' title='bbox 952 1907 1019 1972; x_wconf 85' lang='lat' dir='ltr'><strong>loeo</strong></span> <span class='ocrx_word' id='word_1_34' title='bbox 1038 1905 1077 1974; x_wconf 89' lang='lat' dir='ltr'><strong>de</strong></span> <span class='ocrx_word' id='word_1_35' title='bbox 1096 1905 1169 1971; x_wconf 91' lang='lat' dir='ltr'><strong>stilo</strong></span> <span class='ocrx_word' id='word_1_36' title='bbox 1184 1905 1331 1973; x_wconf 84' lang='lat' dir='ltr'>Sallustii</span> <span class='ocrx_word' id='word_1_37' title='bbox 1348 1925 1411 1972; x_wconf 93' lang='lat' dir='ltr'><strong>non</strong></span> <span class='ocrx_word' id='word_1_38' title='bbox 1428 1905 1546 1972; x_wconf 82' lang='lat' dir='ltr'><strong>addere</strong></span> <span class='ocrx_word' id='word_1_39' title='bbox 1565 1907 1653 1972; x_wconf 92' lang='lat' dir='ltr'><strong>nullo</strong></span> 
     </span>
     <span class='ocr_line' id='line_1_6' title="bbox 382 2009 1657 2108; baseline -0.001 -29"><span class='ocrx_word' id='word_1_40' title='bbox 382 2013 476 2079; x_wconf 88' lang='lat' dir='ltr'><strong>modo</strong></span> <span class='ocrx_word' id='word_1_41' title='bbox 492 2031 671 2100; x_wconf 88' lang='lat' dir='ltr'><strong>possumus,</strong></span> <span class='ocrx_word' id='word_1_42' title='bbox 694 2031 794 2100; x_wconf 90' lang='lat' dir='ltr'><strong>quum</strong></span> <span class='ocrx_word' id='word_1_43' title='bbox 816 2012 882 2098; x_wconf 87' lang='lat' dir='ltr'><strong>jam</strong></span> <span class='ocrx_word' id='word_1_44' title='bbox 905 2033 1007 2108; x_wconf 39' lang='lat' dir='ltr'><strong>supra·</strong></span> <span class='ocrx_word' id='word_1_45' title='bbox 1025 2013 1057 2080; x_wconf 94' lang='lat' dir='ltr'><strong>in</strong></span> <span class='ocrx_word' id='word_1_46' title='bbox 1082 2013 1175 2080; x_wconf 90' lang='lat' dir='ltr'><strong>rebus</strong></span> <span class='ocrx_word' id='word_1_47' title='bbox 1199 2011 1415 2099; x_wconf 79' lang='lat' dir='ltr'><strong>grammaticis</strong></span> <span class='ocrx_word' id='word_1_48' title='bbox 1437 2009 1657 2098; x_wconf 76' lang='lat' dir='ltr'><strong>disquirendis</strong></span> 
     </span>
     <span class='ocr_line' id='line_1_7' title="bbox 382 2118 1655 2206; baseline 0.001 -21"><span class='ocrx_word' id='word_1_49' title='bbox 382 2121 475 2206; x_wconf 91' lang='lat' dir='ltr'><strong>plura</strong></span> <span class='ocrx_word' id='word_1_50' title='bbox 495 2119 536 2186; x_wconf 93' lang='lat' dir='ltr'><strong>ad</strong></span> <span class='ocrx_word' id='word_1_51' title='bbox 554 2119 612 2186; x_wconf 88' lang='lat' dir='ltr'><strong>hoo</strong></span> <span class='ocrx_word' id='word_1_52' title='bbox 639 2130 860 2205; x_wconf 75' lang='lat' dir='ltr'><strong>argumentum</strong></span> <span class='ocrx_word' id='word_1_53' title='bbox 887 2119 1080 2206; x_wconf 87' lang='lat' dir='ltr'><strong>pertinentia</strong></span> <span class='ocrx_word' id='word_1_54' title='bbox 1100 2119 1275 2186; x_wconf 87' lang='lat' dir='ltr'><strong>necessario</strong></span> <span class='ocrx_word' id='word_1_55' title='bbox 1300 2118 1555 2206; x_wconf 83' lang='lat' dir='ltr'><strong>exposuerimus.</strong></span> <span class='ocrx_word' id='word_1_56' title='bbox 1583 2121 1655 2186; x_wconf 84' lang='lat' dir='ltr'><strong>Rem</strong></span> 
     </span>
     <span class='ocr_line' id='line_1_8' title="bbox 384 2225 1652 2314; baseline 0.002 -24"><span class='ocrx_word' id='word_1_57' title='bbox 384 2225 482 2312; x_wconf 88' lang='lat' dir='ltr'><strong>igitur</strong></span> <span class='ocrx_word' id='word_1_58' title='bbox 495 2226 542 2292; x_wconf 89' lang='lat' dir='ltr'><strong>ita</strong></span> <span class='ocrx_word' id='word_1_59' title='bbox 563 2227 778 2304; x_wconf 84' lang='lat' dir='ltr'><strong>instituemus,</strong></span> <span class='ocrx_word' id='word_1_60' title='bbox 800 2237 835 2294; x_wconf 89' lang='lat' dir='ltr'><strong>ut</strong></span> <span class='ocrx_word' id='word_1_61' title='bbox 848 2246 886 2294; x_wconf 85' lang='lat' dir='ltr'><strong>eu</strong></span> <span class='ocrx_word' id='word_1_62' title='bbox 905 2226 1016 2296; x_wconf 90' lang='lat' dir='ltr'><strong>ordine</strong></span> <span class='ocrx_word' id='word_1_63' title='bbox 1031 2227 1070 2293; x_wconf 91' lang='lat' dir='ltr'><strong>de</strong></span> <span class='ocrx_word' id='word_1_64' title='bbox 1089 2225 1158 2314; x_wconf 88' lang='lat' dir='ltr'><strong>ejus</strong></span> <span class='ocrx_word' id='word_1_65' title='bbox 1181 2225 1287 2292; x_wconf 89' lang='lat' dir='ltr'><strong>studio</strong></span> <span class='ocrx_word' id='word_1_66' title='bbox 1303 2225 1519 2312; x_wconf 81' lang='lat' dir='ltr'><strong>antiquitatis,</strong></span> <span class='ocrx_word' id='word_1_67' title='bbox 1536 2225 1575 2292; x_wconf 87' lang='lat' dir='ltr'><strong>de</strong></span> <span class='ocrx_word' id='word_1_68' title='bbox 1591 2226 1652 2292; x_wconf 89' lang='lat' dir='ltr'><strong>stili</strong></span> 
     </span>
     <span class='ocr_line' id='line_1_9' title="bbox 382 2331 1652 2420; baseline 0.001 -24"><span class='ocrx_word' id='word_1_69' title='bbox 382 2331 551 2411; x_wconf 78' lang='lat' dir='ltr'><strong>varietate,</strong></span> <span class='ocrx_word' id='word_1_70' title='bbox 573 2333 611 2400; x_wconf 87' lang='lat' dir='ltr'><strong>de</strong></span> <span class='ocrx_word' id='word_1_71' title='bbox 627 2333 794 2413; x_wconf 88' lang='lat' dir='ltr'><strong>brevitate,</strong></span> <span class='ocrx_word' id='word_1_72' title='bbox 815 2333 952 2420; x_wconf 90' lang='lat' dir='ltr'><strong>denique</strong></span> <span class='ocrx_word' id='word_1_73' title='bbox 970 2333 1008 2400; x_wconf 89' lang='lat' dir='ltr'><strong>de</strong></span> <span class='ocrx_word' id='word_1_74' title='bbox 1022 2334 1127 2400; x_wconf 83' lang='lat' dir='ltr'><strong>colore</strong></span> <span class='ocrx_word' id='word_1_75' title='bbox 1147 2331 1285 2400; x_wconf 87' lang='lat' dir='ltr'><strong>oratorio</strong></span> <span class='ocrx_word' id='word_1_76' title='bbox 1300 2341 1331 2398; x_wconf 91' lang='lat' dir='ltr'><strong>et</strong></span> <span class='ocrx_word' id='word_1_77' title='bbox 1350 2331 1532 2400; x_wconf 79' lang='lat' dir='ltr'><strong>Grrecorum</strong></span> <span class='ocrx_word' id='word_1_78' title='bbox 1549 2333 1652 2398; x_wconf 85' lang='lat' dir='ltr'><strong>imita-</strong></span> 
     </span>
     <span class='ocr_line' id='line_1_10' title="bbox 322 2440 667 2536; baseline 0.009 -31"><span class='ocrx_word' id='word_1_79' title='bbox 322 2529 325 2536; x_wconf 20' lang='lat'><em>*</em></span> <span class='ocrx_word' id='word_1_80' title='bbox 385 2440 470 2506; x_wconf 84' lang='lat' dir='ltr'><strong>tione</strong></span> <span class='ocrx_word' id='word_1_81' title='bbox 486 2441 667 2527; x_wconf 86' lang='lat' dir='ltr'><strong>loquamur.</strong></span> 
     </span>
    </p>
   </div>
   <div class='ocr_carea' id='block_1_4' title="bbox 834 2673 1208 2935">
    <p class='ocr_par' dir='ltr' id='par_1_4' title="bbox 834 2673 1208 2935">
     <span class='ocr_line' id='line_1_11' title="bbox 1014 2673 1025 2738; baseline 0 0"><span class='ocrx_word' id='word_1_82' title='bbox 1014 2673 1025 2738; x_wconf 92' lang='grc' dir='ltr'>Ι</span> 
     </span>
     <span class='ocr_line' id='line_1_12' title="bbox 834 2829 1208 2935; baseline -0.005 -16"><span class='ocrx_word' id='word_1_83' title='bbox 834 2865 872 2921; x_wconf 87' lang='lat' dir='ltr'><strong>lle</strong></span> <span class='ocrx_word' id='word_1_84' title='bbox 891 2829 1070 2935; x_wconf 82' lang='lat' dir='ltr'><strong>antiquitatis</strong></span> <span class='ocrx_word' id='word_1_85' title='bbox 1087 2862 1208 2918; x_wconf 84' lang='lat' dir='ltr'><strong>studio¹.</strong></span> 
     </span>
    </p>
   </div>
   <div class='ocr_carea' id='block_1_5' title="bbox 382 3042 1655 3456">
    <p class='ocr_par' dir='ltr' id='par_1_5' title="bbox 382 3042 1655 3456">
     <span class='ocr_line' id='line_1_13' title="bbox 426 3042 1653 3133; baseline -0.001 -21"><span class='ocrx_word' id='word_1_86' title='bbox 426 3067 459 3112; x_wconf 83' lang='lat' dir='ltr'><strong>a.</strong></span> <span class='ocrx_word' id='word_1_87' title='bbox 470 3072 537 3104; x_wconf 81' lang='grc' dir='ltr'><strong>-ι</strong></span> <span class='ocrx_word' id='word_1_88' title='bbox 551 3045 591 3114; x_wconf 91' lang='lat' dir='ltr'><strong>Ut</strong></span> <span class='ocrx_word' id='word_1_89' title='bbox 602 3044 814 3112; x_wconf 87' lang='lat' dir='ltr'><strong>interveteres</strong></span> <span class='ocrx_word' id='word_1_90' title='bbox 826 3042 1054 3112; x_wconf 85' lang='lat' dir='ltr'><strong>etrecentiores</strong></span> <span class='ocrx_word' id='word_1_91' title='bbox 1065 3053 1127 3112; x_wconf 89' lang='lat' dir='ltr'><strong>stat</strong></span> <span class='ocrx_word' id='word_1_92' title='bbox 1139 3044 1324 3127; x_wconf 87' lang='lat' dir='ltr'><strong>Sallustius,</strong></span> <span class='ocrx_word' id='word_1_93' title='bbox 1335 3043 1520 3133; x_wconf 85' lang='lat' dir='ltr'><strong>Bernhardy</strong></span> <span class='ocrx_word' id='word_1_94' title='bbox 1538 3046 1653 3132; x_wconf 91' lang='lat' dir='ltr'><strong>inquit,</strong></span> 
     </span>
     <span class='ocr_line' id='line_1_14' title="bbox 383 3145 1655 3240; baseline -0.001 -21"><span class='ocrx_word' id='word_1_95' title='bbox 383 3153 429 3237; x_wconf 90' lang='lat' dir='ltr'><strong>(in</strong></span> <span class='ocrx_word' id='word_1_96' title='bbox 441 3173 499 3220; x_wconf 89' lang='lat' dir='ltr'><strong>sua</strong></span> <span class='ocrx_word' id='word_1_97' title='bbox 509 3152 642 3218; x_wconf 91' lang='lat' dir='ltr'><strong>historia</strong></span> <span class='ocrx_word' id='word_1_98' title='bbox 653 3151 713 3218; x_wconf 90' lang='lat' dir='ltr'><strong>litt.</strong></span> <span class='ocrx_word' id='word_1_99' title='bbox 727 3153 816 3218; x_wconf 84' lang='lat' dir='ltr'><strong>Rom.</strong></span> <span class='ocrx_word' id='word_1_100' title='bbox 829 3151 1145 3238; x_wconf 88' lang='lat' dir='ltr'><strong>germanioesoripta,</strong></span> <span class='ocrx_word' id='word_1_101' title='bbox 1155 3150 1206 3218; x_wconf 94' lang='lat' dir='ltr'><strong>ed.</strong></span> <span class='ocrx_word' id='word_1_102' title='bbox 1220 3171 1262 3232; x_wconf 79' lang='lat' dir='ltr'><strong>iv,</strong></span> <span class='ocrx_word' id='word_1_103' title='bbox 1274 3173 1306 3239; x_wconf 92' lang='lat' dir='ltr'><strong>p.</strong></span> <span class='ocrx_word' id='word_1_104' title='bbox 1319 3153 1412 3239; x_wconf 80' lang='lat' dir='ltr'><strong>oet),</strong></span> <span class='ocrx_word' id='word_1_105' title='bbox 1422 3145 1542 3240; x_wconf 83' lang='lat' dir='ltr'><strong>itae&#39;jus</strong></span> <span class='ocrx_word' id='word_1_106' title='bbox 1553 3173 1655 3220; x_wconf 90' lang='lat' dir='ltr'><strong>sermo</strong></span> 
     </span>
     <span class='ocr_line' id='line_1_15' title="bbox 382 3257 1654 3347; baseline 0 -20"><span class='ocrx_word' id='word_1_107' title='bbox 382 3262 464 3327; x_wconf 88' lang='lat' dir='ltr'><strong>inter</strong></span> <span class='ocrx_word' id='word_1_108' title='bbox 479 3257 668 3345; x_wconf 80' lang='lat' dir='ltr'><strong>elegantiam</strong></span> <span class='ocrx_word' id='word_1_109' title='bbox 683 3259 858 3346; x_wconf 84' lang='lat' dir='ltr'><strong>aequalium</strong></span> <span class='ocrx_word' id='word_1_110' title='bbox 872 3267 902 3323; x_wconf 89' lang='lat' dir='ltr'><strong>et</strong></span> <span class='ocrx_word' id='word_1_111' title='bbox 914 3259 1051 3326; x_wconf 85' lang='lat' dir='ltr'><strong>colorem</strong></span> <span class='ocrx_word' id='word_1_112' title='bbox 1067 3257 1235 3344; x_wconf 90' lang='lat' dir='ltr'><strong>antiquum</strong></span> <span class='ocrx_word' id='word_1_113' title='bbox 1251 3257 1391 3326; x_wconf 89' lang='lat' dir='ltr'><strong>medium</strong></span> <span class='ocrx_word' id='word_1_114' title='bbox 1409 3269 1492 3326; x_wconf 89' lang='lat' dir='ltr'><strong>tenet</strong></span> <span class='ocrx_word' id='word_1_115' title='bbox 1502 3285 1511 3342; x_wconf 92' lang='lat'>;</span> <span class='ocrx_word' id='word_1_116' title='bbox 1527 3261 1598 3347; x_wconf 87' lang='lat' dir='ltr'><strong>ejus</strong></span> <span class='ocrx_word' id='word_1_117' title='bbox 1613 3261 1654 3327; x_wconf 88' lang='lat' dir='ltr'><strong>vi·</strong></span> 
     </span>
     <span class='ocr_line' id='line_1_16' title="bbox 383 3365 1652 3456; baseline 0.002 -24"><span class='ocrx_word' id='word_1_118' title='bbox 383 3366 492 3434; x_wconf 88' lang='lat' dir='ltr'><strong>vidum</strong></span> <span class='ocrx_word' id='word_1_119' title='bbox 507 3387 543 3432; x_wconf 85' lang='lat' dir='ltr'><strong>ao</strong></span> <span class='ocrx_word' id='word_1_120' title='bbox 555 3367 634 3432; x_wconf 90' lang='lat' dir='ltr'><strong>lorte</strong></span> <span class='ocrx_word' id='word_1_121' title='bbox 653 3365 777 3432; x_wconf 88' lang='lat' dir='ltr'><strong>dicendi</strong></span> <span class='ocrx_word' id='word_1_122' title='bbox 793 3385 892 3456; x_wconf 89' lang='lat' dir='ltr'><strong>genus</strong></span> <span class='ocrx_word' id='word_1_123' title='bbox 908 3365 1002 3451; x_wconf 77' lang='lat' dir='ltr'><strong>prisea</strong></span> <span class='ocrx_word' id='word_1_124' title='bbox 1018 3365 1172 3433; x_wconf 88' lang='lat' dir='ltr'><strong>sermonis</strong></span> <span class='ocrx_word' id='word_1_125' title='bbox 1188 3366 1354 3452; x_wconf 90' lang='lat' dir='ltr'><strong>diguitatis</strong></span> <span class='ocrx_word' id='word_1_126' title='bbox 1373 3367 1501 3452; x_wconf 90' lang='lat' dir='ltr'><strong>plenem</strong></span> <span class='ocrx_word' id='word_1_127' title='bbox 1518 3368 1652 3454; x_wconf 83' lang='lat' dir='ltr'><strong>gravita-</strong></span> 
     </span>
    </p>
   </div>
   <div class='ocr_carea' id='block_1_6' title="bbox 384 3472 1763 3670">
    <p class='ocr_par' dir='ltr' id='par_1_6' title="bbox 384 3472 1763 3670">
     <span class='ocr_line' id='line_1_17' title="bbox 384 3472 1763 3558; baseline 0 -18"><span class='ocrx_word' id='word_1_128' title='bbox 384 3483 459 3553; x_wconf 89' lang='lat' dir='ltr'><strong>tem,</strong></span> <span class='ocrx_word' id='word_1_129' title='bbox 477 3473 511 3539; x_wconf 90' lang='lat' dir='ltr'><strong>in</strong></span> <span class='ocrx_word' id='word_1_130' title='bbox 526 3473 753 3540; x_wconf 80' lang='lat' dir='ltr'><strong>vocabulorum</strong></span> <span class='ocrx_word' id='word_1_131' title='bbox 768 3493 842 3551; x_wconf 88' lang='lat' dir='ltr'><strong>usu,</strong></span> <span class='ocrx_word' id='word_1_132' title='bbox 857 3472 991 3540; x_wconf 81' lang='lat' dir='ltr'><strong>flexione</strong></span> <span class='ocrx_word' id='word_1_133' title='bbox 1007 3491 1043 3540; x_wconf 88' lang='lat' dir='ltr'><strong>ao</strong></span> <span class='ocrx_word' id='word_1_134' title='bbox 1056 3472 1287 3558; x_wconf 78' lang='lat' dir='ltr'><strong>significatione</strong></span> <span class='ocrx_word' id='word_1_135' title='bbox 1297 3493 1373 3542; x_wconf 58' lang='lat' dir='ltr'><strong>&#39;oum</strong></span> <span class='ocrx_word' id='word_1_136' title='bbox 1387 3474 1548 3542; x_wconf 88' lang='lat' dir='ltr'><strong>eeleritate</strong></span> <span class='ocrx_word' id='word_1_137' title='bbox 1565 3485 1598 3542; x_wconf 85' lang='lat' dir='ltr'><strong>et</strong></span> <span class='ocrx_word' id='word_1_138' title='bbox 1609 3476 1652 3540; x_wconf 86' lang='lat' dir='ltr'><strong>ri·</strong></span> <span class='ocrx_word' id='word_1_139' title='bbox 1762 3481 1763 3500; x_wconf 60' lang='lat'>³</span> 
     </span>
     <span class='ocr_line' id='line_1_18' title="bbox 384 3577 1763 3670; baseline 0.001 -23"><span class='ocrx_word' id='word_1_140' title='bbox 384 3599 543 3670; x_wconf 85' lang='lat' dir='ltr'><strong>gorequae</strong></span> <span class='ocrx_word' id='word_1_141' title='bbox 565 3577 666 3666; x_wconf 91' lang='lat' dir='ltr'><strong>ipsius</strong></span> <span class='ocrx_word' id='word_1_142' title='bbox 686 3579 815 3666; x_wconf 86' lang='lat' dir='ltr'><strong>propria</strong></span> <span class='ocrx_word' id='word_1_143' title='bbox 838 3587 913 3646; x_wconf 91' lang='lat' dir='ltr'><strong>suut</strong></span> <span class='ocrx_word' id='word_1_144' title='bbox 930 3577 1064 3666; x_wconf 89' lang='lat' dir='ltr'><strong>cogitato</strong></span> <span class='ocrx_word' id='word_1_145' title='bbox 1088 3577 1211 3647; x_wconf 85' lang='lat' dir='ltr'><strong>delectu</strong></span> <span class='ocrx_word' id='word_1_146' title='bbox 1225 3580 1342 3668; x_wconf 84' lang='lat' dir='ltr'><strong>jungit.</strong></span> <span class='ocrx_word' id='word_1_147' title='bbox 1369 3605 1380 3642; x_wconf 78' lang='grc' dir='ltr'><strong>ι</strong></span> <span class='ocrx_word' id='word_1_148' title='bbox 1406 3582 1475 3648; x_wconf 88' lang='lat' dir='ltr'><strong>Non</strong></span> <span class='ocrx_word' id='word_1_149' title='bbox 1493 3581 1580 3648; x_wconf 89' lang='lat' dir='ltr'><strong>enim</strong></span> <span class='ocrx_word' id='word_1_150' title='bbox 1600 3588 1652 3648; x_wconf 75' lang='lat' dir='ltr'><strong>ne&#39;-</strong></span> <span class='ocrx_word' id='word_1_151' title='bbox 1761 3595 1763 3666; x_wconf 57' lang='lat' dir='ltr'>j</span> 
     </span>
    </p>
   </div>
   <div class='ocr_carea' id='block_1_7' title="bbox 384 3685 1651 3774">
    <p class='ocr_par' dir='ltr' id='par_1_7' title="bbox 384 3685 1651 3774">
     <span class='ocr_line' id='line_1_19' title="bbox 384 3685 1651 3774; baseline 0 -21"><span class='ocrx_word' id='word_1_152' title='bbox 384 3687 451 3774; x_wconf 91' lang='lat' dir='ltr'><strong>gari</strong></span> <span class='ocrx_word' id='word_1_153' title='bbox 470 3697 570 3774; x_wconf 89' lang='lat' dir='ltr'><strong>potest</strong></span> <span class='ocrx_word' id='word_1_154' title='bbox 585 3687 775 3753; x_wconf 84' lang='lat' dir='ltr'><strong>Sallustium</strong></span> <span class='ocrx_word' id='word_1_155' title='bbox 788 3689 926 3753; x_wconf 88' lang='lat' dir='ltr'><strong>colorem</strong></span> <span class='ocrx_word' id='word_1_156' title='bbox 941 3685 1142 3772; x_wconf 87' lang='lat' dir='ltr'><strong>antiquitatis</strong></span> <span class='ocrx_word' id='word_1_157' title='bbox 1158 3687 1331 3769; x_wconf 78' lang='lat' dir='ltr'><strong>affectasse,</strong></span> <span class='ocrx_word' id='word_1_158' title='bbox 1346 3687 1431 3774; x_wconf 94' lang='lat' dir='ltr'><strong>quod</strong></span> <span class='ocrx_word' id='word_1_159' title='bbox 1448 3688 1577 3774; x_wconf 87' lang='lat' dir='ltr'><strong>quidem</strong></span> <span class='ocrx_word' id='word_1_160' title='bbox 1593 3709 1651 3755; x_wconf 88' lang='lat' dir='ltr'><strong>nou</strong></span> 
     </span>
    </p>
   </div>
   <div class='ocr_carea' id='block_1_8' title="bbox 384 3793 1763 3873">
    <p class='ocr_par' dir='ltr' id='par_1_8' title="bbox 384 3793 1763 3873">
     <span class='ocr_line' id='line_1_20' title="bbox 384 3793 1763 3873; baseline -0.002 -11"><span class='ocrx_word' id='word_1_161' title='bbox 384 3793 477 3862; x_wconf 89' lang='lat' dir='ltr'><strong>modo</strong></span> <span class='ocrx_word' id='word_1_162' title='bbox 505 3804 647 3860; x_wconf 86' lang='lat' dir='ltr'><strong>veterum</strong></span> <span class='ocrx_word' id='word_1_163' title='bbox 675 3793 863 3860; x_wconf 85' lang='lat' dir='ltr'><strong>testimoniis</strong></span> <span class='ocrx_word' id='word_1_164' title='bbox 888 3794 965 3859; x_wconf 87' lang='lat' dir='ltr'><strong>satis</strong></span> <span class='ocrx_word' id='word_1_165' title='bbox 992 3793 1215 3873; x_wconf 82' lang='lat' dir='ltr'><strong>confirmatur,</strong></span> <span class='ocrx_word' id='word_1_166' title='bbox 1241 3794 1417 3862; x_wconf 87' lang='lat' dir='ltr'><strong>sedetiam</strong></span> <span class='ocrx_word' id='word_1_167' title='bbox 1444 3817 1462 3861; x_wconf 95' lang='lat' dir='ltr'><strong>a</strong></span> <span class='ocrx_word' id='word_1_168' title='bbox 1490 3795 1652 3862; x_wconf 88' lang='lat' dir='ltr'><strong>nonnullis</strong></span> <span class='ocrx_word' id='word_1_169' title='bbox 1762 3817 1763 3820; x_wconf 43' lang='lat'>¹</span> 
     </span>
    </p>
   </div>
   <div class='ocr_carea' id='block_1_9' title="bbox 384 3899 1653 4201">
    <p class='ocr_par' dir='ltr' id='par_1_9' title="bbox 384 3899 1653 4201">
     <span class='ocr_line' id='line_1_21' title="bbox 385 3899 1653 3989; baseline -0.002 -21"><span class='ocrx_word' id='word_1_170' title='bbox 385 3920 509 3968; x_wconf 90' lang='lat' dir='ltr'><strong>summo</strong></span> <span class='ocrx_word' id='word_1_171' title='bbox 528 3899 605 3967; x_wconf 91' lang='lat' dir='ltr'><strong>vitio</strong></span> <span class='ocrx_word' id='word_1_172' title='bbox 620 3899 647 3966; x_wconf 89' lang='lat' dir='ltr'><strong>ei</strong></span> <span class='ocrx_word' id='word_1_173' title='bbox 671 3900 817 3968; x_wconf 90' lang='lat' dir='ltr'><strong>vertitur.</strong></span> <span class='ocrx_word' id='word_1_174' title='bbox 834 3901 914 3968; x_wconf 91' lang='lat' dir='ltr'><strong>Nam</strong></span> <span class='ocrx_word' id='word_1_175' title='bbox 928 3899 1052 3966; x_wconf 86' lang='lat' dir='ltr'><strong>etiamsi</strong></span> <span class='ocrx_word' id='word_1_176' title='bbox 1069 3901 1175 3967; x_wconf 85' lang='lat' dir='ltr'><strong>Lenoei</strong></span> <span class='ocrx_word' id='word_1_177' title='bbox 1187 3901 1358 3989; x_wconf 88' lang='lat' dir='ltr'><strong>judicium,</strong></span> <span class='ocrx_word' id='word_1_178' title='bbox 1375 3902 1430 3988; x_wconf 93' lang='lat' dir='ltr'><strong>qui</strong></span> <span class='ocrx_word' id='word_1_179' title='bbox 1453 3903 1601 3984; x_wconf 91' lang='lat' dir='ltr'><strong>(Sueton.</strong></span> <span class='ocrx_word' id='word_1_180' title='bbox 1618 3899 1653 3967; x_wconf 83' lang='lat' dir='ltr'><strong>de</strong></span> 
     </span>
     <span class='ocr_line' id='line_1_22' title="bbox 385 4005 1651 4096; baseline -0.001 -23"><span class='ocrx_word' id='word_1_181' title='bbox 385 4005 434 4074; x_wconf 80' lang='lat' dir='ltr'><strong>itt.</strong></span> <span class='ocrx_word' id='word_1_182' title='bbox 451 4027 594 4095; x_wconf 80' lang='lat' dir='ltr'><strong>gramm.</strong></span> <span class='ocrx_word' id='word_1_183' title='bbox 615 4008 669 4091; x_wconf 76' lang='lat' dir='ltr'><strong>ld)</strong></span> <span class='ocrx_word' id='word_1_184' title='bbox 680 4026 754 4073; x_wconf 89' lang='lat' dir='ltr'><strong>eum</strong></span> <span class='ocrx_word' id='word_1_185' title='bbox 768 4033 779 4067; x_wconf 86' lang='grc' dir='ltr'>ι</span> <span class='ocrx_word' id='word_1_186' title='bbox 794 4008 969 4094; x_wconf 83' lang='lat' dir='ltr'><strong>priscorum</strong></span> <span class='ocrx_word' id='word_1_187' title='bbox 979 4007 1172 4096; x_wconf 85' lang='lat' dir='ltr'><strong>Catonisque</strong></span> <span class='ocrx_word' id='word_1_188' title='bbox 1181 4009 1351 4075; x_wconf 84' lang='lat' dir='ltr'><strong>verborum</strong></span> <span class='ocrx_word' id='word_1_189' title='bbox 1368 4008 1651 4076; x_wconf 89' lang='lat' dir='ltr'><strong>ineruditissimum</strong></span> 
     </span>
     <span class='ocr_line' id='line_1_23' title="bbox 384 4114 1652 4201; baseline -0.002 -19"><span class='ocrx_word' id='word_1_190' title='bbox 384 4116 488 4182; x_wconf 85' lang='lat' dir='ltr'><strong>furem</strong></span> <span class='ocrx_word' id='word_1_191' title='bbox 508 4142 519 4174; x_wconf 71' lang='grc' dir='ltr'><strong><em>ι</em></strong></span> <span class='ocrx_word' id='word_1_192' title='bbox 546 4115 700 4200; x_wconf 87' lang='lat' dir='ltr'><strong>appellat,</strong></span> <span class='ocrx_word' id='word_1_193' title='bbox 718 4133 735 4180; x_wconf 89' lang='lat' dir='ltr'><strong>e</strong></span> <span class='ocrx_word' id='word_1_194' title='bbox 750 4114 890 4201; x_wconf 88' lang='lat' dir='ltr'><strong>partium</strong></span> <span class='ocrx_word' id='word_1_195' title='bbox 902 4114 1007 4180; x_wconf 90' lang='lat' dir='ltr'><strong>studio</strong></span> <span class='ocrx_word' id='word_1_196' title='bbox 1021 4124 1126 4182; x_wconf 88' lang='lat' dir='ltr'><strong>ortum</strong></span> <span class='ocrx_word' id='word_1_197' title='bbox 1145 4124 1203 4194; x_wconf 89' lang='lat' dir='ltr'><strong>est,</strong></span> <span class='ocrx_word' id='word_1_198' title='bbox 1221 4116 1361 4184; x_wconf 80' lang='lat' dir='ltr'><strong>etdsinii</strong></span> <span class='ocrx_word' id='word_1_199' title='bbox 1378 4115 1533 4183; x_wconf 91' lang='lat' dir='ltr'><strong>Pollionis</strong></span> <span class='ocrx_word' id='word_1_200' title='bbox 1551 4117 1652 4184; x_wconf 84' lang='lat' dir='ltr'><strong>verbis</strong></span> 
     </span>
    </p>
   </div>
   <div class='ocr_carea' id='block_1_10' title="bbox 385 4219 1763 4432">
    <p class='ocr_par' dir='ltr' id='par_1_10' title="bbox 385 4219 1763 4432">
     <span class='ocr_line' id='line_1_24' title="bbox 385 4219 1763 4310; baseline -0.002 -20"><span class='ocrx_word' id='word_1_201' title='bbox 385 4223 488 4306; x_wconf 89' lang='lat' dir='ltr'><strong>(Suet.</strong></span> <span class='ocrx_word' id='word_1_202' title='bbox 511 4219 551 4288; x_wconf 85' lang='lat' dir='ltr'><strong>de</strong></span> <span class='ocrx_word' id='word_1_203' title='bbox 565 4220 614 4288; x_wconf 88' lang='lat' dir='ltr'><strong>ill.</strong></span> <span class='ocrx_word' id='word_1_204' title='bbox 632 4241 777 4310; x_wconf 77' lang='lat' dir='ltr'><strong>gramm.</strong></span> <span class='ocrx_word' id='word_1_205' title='bbox 796 4221 865 4307; x_wconf 82' lang='lat' dir='ltr'><strong>to),</strong></span> <span class='ocrx_word' id='word_1_206' title='bbox 885 4221 940 4308; x_wconf 91' lang='lat' dir='ltr'><strong>qui</strong></span> <span class='ocrx_word' id='word_1_207' title='bbox 960 4222 1105 4289; x_wconf 91' lang='lat' dir='ltr'><strong>Sallustii</strong></span> <span class='ocrx_word' id='word_1_208' title='bbox 1125 4222 1244 4309; x_wconf 88' lang='lat' dir='ltr'><strong>scripta</strong></span> <span class='ocrx_word' id='word_1_209' title='bbox 1260 4223 1464 4310; x_wconf 90' lang='lat' dir='ltr'><strong>reprehendit</strong></span> <span class='ocrx_word' id='word_1_210' title='bbox 1478 4249 1492 4285; x_wconf 86' lang='lat' dir='ltr'><strong>u</strong></span> <span class='ocrx_word' id='word_1_211' title='bbox 1505 4233 1541 4290; x_wconf 94' lang='lat' dir='ltr'><strong>ut</strong></span> <span class='ocrx_word' id='word_1_212' title='bbox 1555 4222 1652 4290; x_wconf 92' lang='lat' dir='ltr'><strong>nimia</strong></span> <span class='ocrx_word' id='word_1_213' title='bbox 1762 4243 1763 4250; x_wconf 51' lang='lat'>¹</span> 
     </span>
     <span class='ocr_line' id='line_1_25' title="bbox 385 4327 1763 4432; baseline 0 -37"><span class='ocrx_word' id='word_1_214' title='bbox 385 4328 563 4416; x_wconf 84' lang='lat' dir='ltr'><strong>priscorum</strong></span> <span class='ocrx_word' id='word_1_215' title='bbox 584 4328 755 4394; x_wconf 89' lang='lat' dir='ltr'><strong>verborum</strong></span> <span class='ocrx_word' id='word_1_216' title='bbox 777 4328 974 4396; x_wconf 79' lang='lat' dir='ltr'><strong>attentatione</strong></span> <span class='ocrx_word' id='word_1_217' title='bbox 992 4328 1093 4394; x_wconf 89' lang='lat' dir='ltr'><strong>oblita</strong></span> <span class='ocrx_word' id='word_1_218' title='bbox 1126 4354 1137 4388; x_wconf 77' lang='grc' dir='ltr'><strong>ι</strong></span> <span class='ocrx_word' id='word_1_219' title='bbox 1165 4327 1241 4395; x_wconf 90' lang='lat' dir='ltr'><strong>tides</strong></span> <span class='ocrx_word' id='word_1_220' title='bbox 1264 4349 1328 4396; x_wconf 92' lang='lat' dir='ltr'><strong>non</strong></span> <span class='ocrx_word' id='word_1_221' title='bbox 1354 4329 1549 4411; x_wconf 89' lang='lat' dir='ltr'><strong>adhibenda,</strong></span> <span class='ocrx_word' id='word_1_222' title='bbox 1579 4329 1652 4417; x_wconf 91' lang='lat' dir='ltr'><strong>quia</strong></span> <span class='ocrx_word' id='word_1_223' title='bbox 1762 4367 1763 4432; x_wconf 42' lang='lat'>3</span> 
     </span>
    </p>
   </div>
   <div class='ocr_carea' id='block_1_11' title="bbox 384 4433 1650 4524">
    <p class='ocr_par' dir='ltr' id='par_1_11' title="bbox 384 4433 1650 4524">
     <span class='ocr_line' id='line_1_26' title="bbox 384 4433 1650 4524; baseline -0.001 -23"><span class='ocrx_word' id='word_1_224' title='bbox 384 4435 434 4502; x_wconf 86' lang='lat' dir='ltr'><strong>vel</strong></span> <span class='ocrx_word' id='word_1_225' title='bbox 455 4433 714 4522; x_wconf 86' lang='lat' dir='ltr'><strong>praeelarissimos</strong></span> <span class='ocrx_word' id='word_1_226' title='bbox 730 4435 911 4520; x_wconf 83' lang='lat' dir='ltr'><strong>scriptores,</strong></span> <span class='ocrx_word' id='word_1_227' title='bbox 935 4445 970 4501; x_wconf 94' lang='lat' dir='ltr'><strong>ut</strong></span> <span class='ocrx_word' id='word_1_228' title='bbox 987 4435 1182 4516; x_wconf 81' lang='lat' dir='ltr'><strong>Ciceronem,</strong></span> <span class='ocrx_word' id='word_1_229' title='bbox 1201 4437 1370 4516; x_wconf 82' lang='lat' dir='ltr'><strong>Caesarem,</strong></span> <span class='ocrx_word' id='word_1_230' title='bbox 1394 4436 1518 4504; x_wconf 86' lang='lat' dir='ltr'><strong>Livium</strong></span> <span class='ocrx_word' id='word_1_231' title='bbox 1539 4436 1650 4524; x_wconf 85' lang='lat' dir='ltr'><strong>carpit,</strong></span> 
     </span>
    </p>
   </div>
   <div class='ocr_carea' id='block_1_12' title="bbox 384 4611 1652 4748">
    <p class='ocr_par' dir='ltr' id='par_1_12' title="bbox 384 4611 1652 4748">
     <span class='ocr_line' id='line_1_27' title="bbox 416 4611 1652 4674; baseline -0.003 -10"><span class='ocrx_word' id='word_1_232' title='bbox 416 4616 438 4664; x_wconf 88' lang='lat' dir='ltr'><strong>t.</strong></span> <span class='ocrx_word' id='word_1_233' title='bbox 456 4613 495 4663; x_wconf 82' lang='lat' dir='ltr'><strong>Cf.</strong></span> <span class='ocrx_word' id='word_1_234' title='bbox 509 4611 627 4673; x_wconf 74' lang='lat' dir='ltr'><strong>Schultz,</strong></span> <span class='ocrx_word' id='word_1_235' title='bbox 640 4612 671 4663; x_wconf 87' lang='lat' dir='ltr'><strong>de</strong></span> <span class='ocrx_word' id='word_1_236' title='bbox 684 4611 845 4662; x_wconf 82' lang='lat' dir='ltr'><strong>Archatsmie</strong></span> <span class='ocrx_word' id='word_1_237' title='bbox 859 4611 1033 4670; x_wconf 81' lang='lat' dir='ltr'><strong>Sallustianis,</strong></span> <span class='ocrx_word' id='word_1_238' title='bbox 1048 4611 1127 4664; x_wconf 81' lang='lat' dir='ltr'><strong>liutto</strong></span> <span class='ocrx_word' id='word_1_239' title='bbox 1139 4615 1283 4670; x_wconf 74' lang='lat' dir='ltr'><strong>Saxonum,</strong></span> <span class='ocrx_word' id='word_1_240' title='bbox 1298 4615 1352 4664; x_wconf 82' lang='lat' dir='ltr'><strong>lau</strong></span> <span class='ocrx_word' id='word_1_241' title='bbox 1365 4629 1371 4674; x_wconf 80' lang='lat'>3</span> <span class='ocrx_word' id='word_1_242' title='bbox 1384 4614 1541 4672; x_wconf 76' lang='lat' dir='ltr'><strong>Bmennert,</strong></span> <span class='ocrx_word' id='word_1_243' title='bbox 1554 4613 1586 4662; x_wconf 88' lang='lat' dir='ltr'><strong>de</strong></span> <span class='ocrx_word' id='word_1_244' title='bbox 1601 4611 1652 4662; x_wconf 84' lang='lat' dir='ltr'><strong>Sel·</strong></span> 
     </span>
     <span class='ocr_line' id='line_1_28' title="bbox 384 4683 1649 4748; baseline 0 -14"><span class='ocrx_word' id='word_1_245' title='bbox 384 4683 464 4734; x_wconf 85' lang='lat' dir='ltr'><strong>luetio</strong></span> <span class='ocrx_word' id='word_1_246' title='bbox 477 4683 607 4734; x_wconf 80' lang='lat' dir='ltr'><strong>imitatore</strong></span> <span class='ocrx_word' id='word_1_247' title='bbox 622 4685 735 4741; x_wconf 83' lang='lat' dir='ltr'><strong>Catonis,</strong></span> <span class='ocrx_word' id='word_1_248' title='bbox 751 4683 859 4732; x_wconf 85' lang='lat' dir='ltr'><strong>Sisenna</strong></span> <span class='ocrx_word' id='word_1_249' title='bbox 872 4683 1034 4748; x_wconf 83' lang='lat' dir='ltr'><strong>aliorumque</strong></span> <span class='ocrx_word' id='word_1_250' title='bbox 1049 4691 1162 4733; x_wconf 87' lang='lat' dir='ltr'><strong>veterum</strong></span> <span class='ocrx_word' id='word_1_251' title='bbox 1177 4683 1362 4734; x_wconf 87' lang='lat' dir='ltr'><strong>historicorum</strong></span> <span class='ocrx_word' id='word_1_252' title='bbox 1376 4685 1562 4746; x_wconf 85' lang='lat' dir='ltr'><strong>Romanorum,</strong></span> <span class='ocrx_word' id='word_1_253' title='bbox 1575 4687 1649 4746; x_wconf 74' lang='lat' dir='ltr'><strong>terra,</strong></span> 
     </span>
    </p>
   </div>
   <div class='ocr_carea' id='block_1_13' title="bbox 387 4754 1236 4820">
    <p class='ocr_par' dir='ltr' id='par_1_13' title="bbox 387 4754 1236 4820">
     <span class='ocr_line' id='line_1_29' title="bbox 387 4754 1236 4820; baseline 0.001 -13"><span class='ocrx_word' id='word_1_254' title='bbox 387 4759 461 4818; x_wconf 73' lang='lat' dir='ltr'><strong>teter</strong></span> <span class='ocrx_word' id='word_1_255' title='bbox 476 4756 596 4820; x_wconf 73' lang='lat' dir='ltr'><strong>velletor,</strong></span> <span class='ocrx_word' id='word_1_256' title='bbox 612 4757 644 4808; x_wconf 81' lang='lat' dir='ltr'><strong>de</strong></span> <span class='ocrx_word' id='word_1_257' title='bbox 657 4755 781 4808; x_wconf 80' lang='lat' dir='ltr'><strong>Sallustio</strong></span> <span class='ocrx_word' id='word_1_258' title='bbox 796 4755 902 4808; x_wconf 82' lang='lat' dir='ltr'><strong>Catonis</strong></span> <span class='ocrx_word' id='word_1_259' title='bbox 916 4754 1054 4816; x_wconf 83' lang='lat' dir='ltr'><strong>imitatore,</strong></span> <span class='ocrx_word' id='word_1_260' title='bbox 1069 4755 1154 4815; x_wconf 80' lang='lat' dir='ltr'><strong>Puris.</strong></span> <span class='ocrx_word' id='word_1_261' title='bbox 1166 4757 1236 4808; x_wconf 74' lang='lat' dir='ltr'><strong>tute.</strong></span> 
     </span>
    </p>
   </div>
   <div class='ocr_carea' id='block_1_14' title="bbox 1761 4465 1763 4568">
    <p class='ocr_par' dir='ltr' id='par_1_14' title="bbox 1761 4465 1763 4568">
     <span class='ocr_line' id='line_1_30' title="bbox 1761 4465 1763 4510; baseline 0 0"><span class='ocrx_word' id='word_1_262' title='bbox 1761 4465 1763 4510; x_wconf 91' lang='lat' dir='ltr'><strong>l</strong></span> 
     </span>
     <span class='ocr_line' id='line_1_31' title="bbox 1761 4519 1763 4568; baseline 0 0"><span class='ocrx_word' id='word_1_263' title='bbox 1761 4519 1763 4568; x_wconf 92' lang='lat' dir='ltr'><strong>l</strong></span> 
     </span>
    </p>
   </div>
   <div class='ocr_carea' id='block_1_15' title="bbox 0 0 1792 5717">
    <p class='ocr_par' dir='ltr' id='par_1_15' title="bbox 0 0 1792 5717">
     <span class='ocr_line' id='line_1_32' title="bbox 0 0 1792 5717; baseline 0 0"><span class='ocrx_word' id='word_1_264' title='bbox 0 0 1792 5717; x_wconf 95' lang='lat' dir='ltr'><strong> </strong></span> 
     </span>
    </p>
   </div>
  </div>
 </body>
</html>
