3534 5720
859 439 1035 496 ..92-

310 581 411 647 vortit
432 580 561 645 habent.
584 580 639 644 His
661 580 810 646 omnibus
832 582 909 647 iocis
931 581 1148 666 metaphorica
1173 580 1363 667 significatio
1393 581 1584 662 adhibetur;

309 707 404 754 sensu
422 707 495 752 vero
512 686 641 771 proprio
661 686 792 752 verbum
816 698 1002 752 convertere
1022 689 1159 754 occurrit
1174 689 1245 772 ing.
1268 687 1323 767 20,
1350 689 1382 766 1,
1407 685 1484 754 dein
1508 709 1585 754 cum

309 793 403 858 omiti
417 790 629 858 urultitodc'ne
644 791 678 856 in
692 814 830 880 repetam
848 815 947 859 suarm
962 793 1134 872 convertit,
1150 806 1181 859 et
1194 796 1265 879 Jug.
1285 795 1359 868 101,
1377 795 1411 872 6,
1425 793 1502 860 dein
1517 798 1586 864 Nu·

308 897 413 979 mida,
430 897 560 985 copntto
578 897 697 964 Bocchi
707 896 863 981 adventu,
881 899 965 965 clam
981 922 1056 966 cnm
1069 899 1191 988 paucis
1205 897 1252 966 cd
1260 898 1391 989 pedites
1405 900 1580 967 convertit.

309 1008 457 1073 Ceterum
473 1004 560 1091 apud
577 1003 702 1071 Livium
723 1025 850 1092 quoque
870 1015 900 1072 et
914 1007 1056 1072 Tacitum
1076 1007 1159 1073 hunc
1180 1007 1366 1072 reflexivnm
1384 1008 1472 1073 verbi
1489 1028 1585 1074 usum

309 1113 394 1178 hand
412 1113 642 1198 infrequentem
658 1132 725 1178 esse
742 1112 825 1180 inter
839 1133 948 1179 omnes
962 1125 1100 1192 constat;
1113 1113 1153 1179 cf.
1167 1114 1327 1179 Drakenb.
1342 1113 1381 1180 ad
1392 1115 1461 1180 Liv.
1474 1117 1507 1193 2,
1524 1116 1581 1194 62,

309 1220 346 1300 23
363 1219 472 1286 Walth
489 1219 528 1284 ad
543 1218 642 1284 Tacit.
664 1238 738 1284 ann.
758 1219 793 1298 6,
809 1219 842 1284 6.

352 1326 434 1392 Num
457 1345 531 1391 vero
553 1327 683 1390 verbnm
710 1347 833 1392 uornnn
855 1328 926 1412 Jug.
954 1327 996 1392 38
1017 1329 1059 1393 10
1098 1327 1168 1412 pari
1195 1326 1287 1393 modo
1312 1338 1502 1414 usurpatum
1527 1329 1582 1406 sit,

307 1433 443 1498 maximo
460 1433 491 1496 in
513 1431 610 1498 dubio
623 1442 681 1498 est.
704 1433 805 1511 Quem
823 1433 1413 1515 1616616106661016161161116611
1430 1434 1507 1500 edit.
1528 1434 1584 1500 Bi-

309 1539 413 1624 pont.)
436 1559 472 1603 ex
488 1538 594 1606 codice
615 1538 784 1604 Basiiiensi
800 1537 844 1604 sio
863 1539 1011 1624 scripsit:
1029 1559 1102 1626 pirae
1114 1560 1319 1626 quamquam
1334 1538 1454 1627 procia
1470 1556 1500 1604 et
1514 1539 1585 1627 sla-

307 1644 370 1732 9111
379 1643 480 1732 pleno
500 1655 607 1721 erant,
629 1655 740 1710 tamen
753 1644 835 1731 quia
849 1644 963 1710 mortis
977 1657 1066 1710 metu
1079 1646 1250 1738 nutabant,
1264 1644 1363 1710 sicuti
1375 1644 1447 1734 rapi
1464 1645 1581 1711 lubuc-

306 1763 362 1819 rot
370 1772 443 1838 poa
457 1750 607 1817 cortvartit
622 1752 645 1816 ¹.
664 1752 757 1835 (Vide
772 1773 843 1838 qum
852 1752 1004 1831 Kritzius,
1022 1752 1074 1817 ad.
1090 1753 1121 1818 h.
1139 1754 1214 1832 loc,
1227 1753 1392 1818 etLehner
1403 1755 1476 1835 (loc.
1492 1753 1581 1818 laud.

308 1880 338 1946 p.
364 1858 405 1924 18
420 1857 506 1945 sqq.)
525 1858 627 1923 insius
642 1857 911 1942 disputaverunt).
930 1857 1457 1943 Scripturamnutabantdeiendit
1469 1859 1584 1926 Jorda-

306 1986 379 2044 nus,
391 1965 555 2034 conserens
566 1964 666 2030 Tacit.
680 1965 761 2029 Hist.
774 1986 809 2044 n,
823 1967 855 2042 7,
868 1966 901 2044 6,
913 1964 1153 2053 hispanoriims
1163 1976 1347 2045 cantantem,
1361 1965 1412 2031 cui
1425 1967 1494 2032 loco
1505 1966 1582 2032 addi

306 2081 440 2158 possunt
453 2072 534 2136 Hist.
557 2092 579 2149 1,
605 2073 637 2149 2,
663 2069 780 2138 Gallia
801 2082 971 2148 66166116
999 2074 1053 2150 11,
1074 2072 1129 2148 08,
1153 2093 1232 2137 mon
1249 2071 1393 2137 nutabat
1411 2071 1583 2155 (Valerius

306 2180 441 2261 Festus).
460 2178 500 2244 At
515 2197 578 2244 non
595 2177 686 2243 video
702 2199 758 2244 cur
775 2179 940 2244 lectionem
954 2177 1184 2258 mutabantur,
1198 2179 1306 2244 eodem
1323 2197 1417 2244 sensu
1433 2199 1496 2265 quo
1507 2200 1583 2266 par·

240 2273 246 2285 ’
307 2283 538 2365 mutabantur,
558 2285 607 2349 vel
623 2284 719 2349 etiam
734 2284 843 2350 eodem
860 2303 953 2350 sensu
974 2305 1038 2370 qno
1057 2283 1245 2365 mutabunt,
1264 2286 1303 2350 ad
1323 2285 1499 2370 subjectum
1513 2287 1582 2350 Ro-

305 2390 400 2456 mani
414 2392 563 2466 relatum,
581 2393 790 2476 (quamquam
806 2391 920 2456 durius
934 2391 1083 2476 dictum),
1103 2392 1316 2477 plurimorum
1331 2391 1476 2459 codicum
1491 2393 1579 2457 testi-

304 2499 411 2564 monio
425 2498 505 2574 nixi,
523 2518 586 2563 non
603 2498 808 2584 accipiamus.
824 2499 957 2562 Mutare
971 2499 1056 2562 enirn
1071 2499 1130 2562 hoc
1143 2497 1236 2563 modo
1252 2509 1443 2584 usurpatum
1461 2497 1583 2564 inveni·

304 2626 375 2670 mus
389 2605 473 2689 apud
490 2605 678 2671 Sallustium
692 2606 762 2690 Jug.
781 2605 837 2682 53,
854 2605 887 2681 8,
905 2603 1078 2692 ipitarpro
1090 2615 1179 2669 metu
1189 2602 1353 2692 panudium
1367 2615 1531 2683 mutatur,
1549 2619 1583 2670 et

303 2713 374 2795 Jug.
394 2713 449 2788 83,
469 2713 500 2791 1,
517 2722 629 2776 tomen
649 2732 717 2776 non
731 2709 846 2776 debere
861 2710 987 2776 irtcertc
1005 2731 1069 2798 pro
1088 2709 1182 2777 certis
1196 2722 1338 2776 mutare.
1360 2711 1502 2776 Notanda
1528 2711 1581 2777 hic-

304 2830 350 2884 est
370 2818 496 2894 subtilis
515 2818 658 2904 quidem,
698 2818 752 2883 sed
774 2839 886 2904 parum
905 2818 1089 2884 verisimilis
1105 2817 1214 2886 Wirzii
1236 2818 1444 2903 conjectura:
1468 2829 1582 2883 tomen

303 2924 385 3011 quic
399 2923 467 2990 ot'tc
481 2923 596 3011 mortis
610 2935 699 2990 metat
713 2923 920 3004 mutabatur,
937 2925 984 2990 vel
1006 2923 1086 3012 quio
1100 2923 1170 2989 vita
1188 2923 1304 2988 mortis
1322 2935 1448 2989 metum
1467 2934 1581 2988 mute-

304 3031 395 3096 bcnt.
426 3031 524 3097 Cortii
549 3050 623 3097 vero
647 3030 842 3115 opinionem,
869 3051 933 3115 qua
956 3025 1139 3096 mutabant
1158 3050 1333 3115 pronomen
1362 3040 1476 3096 neutro
1503 3032 1580 3117 plu-

304 3138 365 3202 rali
389 3159 428 3202 co
450 3137 628 3222 subjectum
653 3137 768 3203 hebeat
792 3149 822 3202 et
846 3137 991 3204 neutrius
1016 3137 1247 3223 significatione
1272 3150 1458 3224 usurpetur,
1485 3138 1578 3202 nuiio

303 3244 397 3310 modo
423 3244 559 3330 probare
587 3263 723 3330 nequeo,
753 3264 826 3310 cnm
858 3245 990 3310 verbum
1015 3255 1157 3323 mutare,
1188 3243 1304 3329 saepios
1332 3243 1463 3330 quidem
1490 3243 1578 3330 apud

303 3351 429 3416 Livium
454 3349 636 3436 parimodo
662 3351 841 3416 adhibitum
865 3361 1022 3428 occurrat,
1050 3371 1216 3436 nunquam
1241 3370 1314 3416 vero
1338 3371 1411 3416 oum
1439 3349 1580 3416 ablativo

303 3457 429 3543 obiecti.

347 3565 484 3629 Connnn.
506 3600 551 3613 -
569 3565 633 3628 Hoc
649 3564 795 3640 verbum,
817 3563 850 3628 in
872 3583 905 3628 re
923 3563 1057 3629 militari
1074 3563 1232 3648 imprimis
1249 3564 1412 3649 frequens,
1434 3563 1579 3629 absolute

304 3671 435 3756 ponitur
445 3670 620 3756 priscorum
631 3689 718 3736 more
731 3670 784 3755 (cf.
797 3671 879 3735 Enn.
893 3672 997 3736 Plaut.
1012 3671 1135 3753 Varo),
1151 3690 1364 3758 propraeesse,
1376 3667 1578 3757 6196116116-

302 3776 348 3842 cis
369 3775 460 3842 obire
482 3799 489 3842 :
510 3778 581 3862 Jug.
605 3778 659 3854 16,
678 3778 710 3853 7,
732 3776 767 3842 in
778 3787 945 3865 postremo
967 3777 1004 3842 C.
1026 3776 1157 3842 Marius
1175 3774 1302 3864 loqutus
1317 3797 1392 3841 cum
1413 3775 1580 3862 equitibus

303 3881 459 3960 curabam
476 3885 503 3949 J.
523 3884 578 3961 60,
598 3885 629 3960 1,
646 3880 706 3947 ubi
718 3882 856 3969 quisque
869 3881 996 3969 lepatus
1011 3893 1071 3947 cut
1085 3881 1237 3948 tribunos
1251 3881 1408 3963 curabat;
1424 3884 1451 3946 J.
1468 3882 1524 3956 60,
1542 3885 1576 3961 5,

302 4011 381 4055 nom
397 3989 425 4054 a's
440 3989 474 4054 in
487 4001 638 4078 caparte
652 3987 808 4070 corchon
832 3990 928 4070 (ott.
947 3990 1002 4064 57,
1020 3991 1057 4066 tt;
1078 3990 1147 4056 Cat.
1163 3990 1218 4068 50,
1236 3991 1287 4073 3);
1304 3991 1374 4074 ing.
1396 3988 1471 4065 100,
1491 3989 1524 4065 2,
1543 3988 1597 4054 ἐπ’

302 4095 436 4160 sinistra
444 4106 547 4184 porte
570 4096 612 4160 Α.
636 4093 783 4162 Manlius
804 4116 879 4159 cum
900 4093 1128 4181 funditoribus
1147 4107 1179 4160 et
1198 4093 1392 4182 sopittari'c's,
1410 4107 1579 4183 praetcrea

302 4201 444 4267 cohortis
458 4201 620 4290 Liparum
636 4199 787 4282 curabat,
806 4201 860 4267 uti
881 4203 1020 4286 primum
1041 4203 1196 4280 absolute,
1214 4213 1250 4267 ut
1265 4203 1465 4288 plerumque,
1489 4202 1579 4286 posi-

303 4321 370 4374 tum
390 4321 448 4387 est,
465 4308 580 4374 deinde
594 4328 667 4374 cnm
681 4313 858 4374 accusativo
870 4308 1030 4394 junctum,
1045 4318 1081 4374 ut
1098 4308 1182 4393 apud
1197 4309 1296 4374 Tacit.
1316 4329 1392 4373 ann.
1412 4309 1443 4384 1,
1461 4308 1520 4387 31;
1542 4309 1577 4386 1,

303 4416 363 4493 36;
380 4416 413 4492 6,
435 4415 489 4481 30.
511 4416 552 4481 At
573 4415 604 4480 in
622 4417 701 4479 Hist.
724 4436 747 4494 1,
770 4415 825 4493 57,
845 4413 1017 4500 multoque
1032 4426 1102 4480 tum
1122 4412 1222 4480 ductu
1237 4413 1309 4503 ejus
1329 4427 1446 4480 curata
1463 4411 1578 4502 primo

335 4620 357 4666 1.
370 4616 526 4680 Nuperrime
541 4617 656 4666 Thomas
668 4615 695 4664 in
709 4616 823 4665 editione
837 4617 1053 4681 tripertientes
1069 4615 1245 4678 conjecturam
1260 4614 1411 4678 proposuit:
1427 4619 1488 4678 qnia
1500 4627 1579 4664 1601·-

304 4693 338 4738 111
353 4693 443 4738 nactus
458 4689 651 4744 intentabatur,
665 4686 799 4736 conserens
814 4687 875 4736 Tac.
890 4702 949 4735 ann.
966 4702 983 4743 r,
996 4687 1150 4746 1111116111
1163 4685 1261 4736 6161111
1275 4689 1356 4746 nocio,
1370 4683 1502 4749 ingeniose
1520 4685 1579 4747 qui·

302 4756 370 4816 dem,
387 4757 432 4805 sed
447 4765 537 4806 contra
551 4757 669 4806 codicum
684 4757 770 4805 tidem.
