3534 5720
18 2197 20 2256 t
108 2201 185 2246 num
200 2177 386 2265 quamnim
405 2187 465 2244 aut
479 2188 609 2264 tempus
623 2173 745 2254 decanea
762 2175 802 2241 ci.
821 2176 888 2242 liv.
908 2176 1022 2255 &233
1038 2175 1123 2242 Plin.
1144 2177 1218 2243 hist.
1237 2189 1304 2244 nat.
1324 2179 1377 2259 10,
1488 2253 1490 2258 ι

635 419 833 478 -171-

103 568 145 634 ris
159 565 261 632 aetatis
279 564 488 651 scriptoribus
508 561 670 630 adhibitus
686 572 750 628 est„
767 561 861 647 Apud
880 561 1071 628 Sallustium
1089 562 1154 626 lraec
1174 561 1370 641 notavimus3

103 685 221 751 suetus,
238 669 363 749 doctus,
380 681 523 758 paratus
545 668 631 754 (ride
650 672 778 754 supro);
800 678 966 756 suspectus
988 669 1059 754 lug.
1083 668 1137 746 70,
1157 669 1188 746 l,
1208 679 1374 756 suspectus

105 779 173 870 rapi
186 777 298 868 etipse
317 799 391 844 curn
405 775 583 865 suspiciens
597 797 698 844 novas
713 796 764 841 res
776 795 906 864 crepere,
924 775 978 841 ubi
996 785 1098 842 tameo
1115 773 1255 840 dubitari
1273 785 1375 860 potest

104 907 177 962 num
193 907 212 952 a
226 885 328 972 priori
349 885 518 970 participio
538 883 673 969 pendeat
689 881 880 948 infinitivus.

656 1127 765 1195 “Vl.

420 1339 512 1394 Verba
527 1353 593 1394 carm
608 1337 767 1394 accusativo
783 1335 1056 1409 etinfinitoluneta.

147 1540 180 1606 l⁰
201 1539 306 1608 Verba
328 1537 406 1615 haec,
429 1555 502 1602 cum
529 1535 708 1602 accusativo
728 1543 759 1600 ot
778 1534 938 1600 infinitivo
955 1534 1079 1621 juncta,
1099 1536 1262 1603 notatione
1282 1536 1379 1623 digna

102 1646 326 1736 judicavimus,
344 1652 453 1730 utpote
468 1663 540 1728 quae
559 1651 615 1707 aut
630 1662 716 1721 rara,
732 1652 788 1708 aut
803 1641 889 1726 apud
913 1642 1102 1708 Sallustium
1127 1643 1233 1708 solum·
1249 1664 1284 1710 ea.
1305 1663 1378 1710 con·

106 1754 278 1821 structione
293 1752 557 1836 usurpata'sint:
578 1747 751 1837 Experiri,
768 1750 839 1834 lug.
859 1749 920 1828 81,
938 1750 971 1827 l,
989 1747 1091 1816 etiarn
1109 1761 1207 1814 antea
1227 1761 1379 1839 expertus

105 1877 313 1949 sumperunt
326 1855 547 1945 fidei-miseris
565 1877 645 1932 ossc3
669 1856 722 1942 (ci.
743 1854 817 1932 108,
835 1857 873 1935 23
891 1865 1044 1940 praeterea
1058 1857 1162 1922 Plaut.
1181 1859 1272 1923 Truc.
1290 1859 1323 1936 2,
1341 1859 1375 1935 6,

108 1969 163 2045 18,
182 1965 318 2046 Quintil.
334 1967 367 2040 2,
385 1967 417 2043 1,
442 1963 572 2040 itero,
591 1963 623 2040 3,
641 1963 708 2046 32).
727 1999 768 2011 ·-
784 1960 945 2041 Invenire,
963 1964 1034 2047 lug.
1054 1965 1085 2044 1,
1103 1965 1135 2042 2,
1150 1985 1256 2051 neque
1267 1964 1380 2052 majus

108 2070 201 2138 uliud
213 2091 318 2160 neque
329 2067 553 2158 praestabilius
569 2066 717 2134 invenias
730 2067 903 2156 mapisque
919 2079 1048 2135 naturae
1060 2068 1258 2136 iredrtstm'am
1274 2070 1380 2137 nomi·

18 2279 20 2324 Ᾰ
109 2289 160 2364 50,
177 2287 380 2352 etilmserem
393 2284 449 2370 qui
464 2285 509 2366 (li.
525 2304 555 2370 g.
574 2285 607 2374 2,
626 2284 681 2368 10)
697 2303 766 2348 eam
781 2283 1048 2350 constructionem
1063 2285 1185 2369 primus
1196 2285 1380 2352 adhibuisse

109 2394 242 2460 ridetur.
258 2427 304 2441 -
325 2389 461 2458 Videtur
480 2390 750 2476 impersonaliter,
773 2390 858 2475 apud
878 2390 1063 2457 Ciceronem
1083 2391 1253 2477 aliquoties
1272 2412 1382 2458 occur-

110 2501 161 2578 rit;
181 2499 266 2586 apud
282 2499 484 2574 Sallustium,
501 2499 518 2564 J
523 2517 573 2582 ug.
592 2497 647 2572 85,
664 2498 696 2570 2,
711 2494 770 2562 sed
779 2495 864 2561 milri
877 2507 992 2562 eontra
1006 2519 1046 2562 ea
1058 2495 1209 2564 uidetur:
1222 2520 1301 2564 nam
1316 2519 1381 2587 quo

108 2605 212 2694 pluris
228 2616 275 2671 est
289 2603 446 2670 univorsa
465 2601 654 2693 respublica
674 2623 777 2690 quarn
796 2602 986 2670 corrsulatus
1004 2614 1064 2670 aut
1078 2616 1241 2693 pratura,
1258 2627 1295 2671 eo
1309 2627 1380 2672 ma-

107 2712 176 2800 jore
194 2731 276 2778 eura
290 2709 386 2777 illam
406 2709 638 2776 administrari
655 2730 758 2796 quarn
773 2707 843 2776 nae
857 2711 932 2797 peti
952 2708 1077 2792 debere,
1096 2711 1151 2778 ubi
1167 2713 1379 2779 anacoluthon

18 2907 19 2910 Ἴ
108 2817 300 2886 mirandum.
319 2853 365 2868 -
376 2818 520 2905 Sperare
533 2837 590 2903 pro
604 2813 734 2881 creder'e
746 2836 816 2881 oum
832 2816 1008 2883 accusativo
1024 2827 1054 2883 et
1070 2817 1230 2884 inlinitir'o
1240 2818 1382 2907 perfecti

110 2926 191 3011 apud
206 2924 396 2992 Sallustium
411 2944 474 2989 non
493 2932 609 3002 exstnt;
632 2941 704 2988 cum
720 2922 879 2988 infinitivo
893 2922 1016 3009 futuri·
1034 2933 1070 3030 ut
1089 2927 1180 3002 solet,
1200 2926 1272 3012 lug.
1291 2928 1323 3004 7,
1340 2927 1378 3005 8;

109 3034 162 3111 85,
177 3033 213 3114 0;
228 3032 285 3110 28,
303 3033 339 3110 lr;
357 3032 427 3098 (lot.
445 3031 500 3108 nt,
518 3031 555 3110 3;
575 3029 630 3108 06,
645 3031 685 3109 1;
704 3030 758 3108 37,
774 3031 795 3095 6
804 3053 813 3109 3
832 3029 886 3108 56,
909 3031 945 3110 [ις
968 3031 1049 3096 Hist.
1069 3030 1130 3098 inc.
1152 3033 1212 3111 273
1235 3051 1308 3098 cum
1328 3033 1380 3099 in-

109 3137 227 3205 finitivo
234 3135 418 3227 praesentis,
431 3148 466 3203 ut
478 3136 563 3223 apud
573 3137 757 3203 Ciceronem
769 3137 895 3222 smpius,
907 3138 1167 3224 pracsertimcum
1180 3140 1285 3205 verbis
1301 3161 1378 3220 esse,

18 3233 20 3264 ⁴
107 3266 216 3333 posse:
232 3246 248 3311 J
252 3266 303 3333 ug.
317 3245 374 3322 87,
387 3246 420 3324 i,
432 3243 581 3333 speranti
589 3264 668 3309 moa
681 3243 800 3332 effusos
814 3242 915 3310 nostis
926 3242 1042 3311 invadi
1045 3265 1141 3334 posse
1145 3265 1158 3328 ;
1171 3247 1251 3312 llist.
1265 3267 1307 3323 iv,
1325 3247 1378 3328 19,

113 3353 144 3432 2,
160 3352 287 3424 frustra
305 3350 398 3418 mola
416 3373 491 3418 mea
510 3371 585 3417 cum
600 3350 665 3416 ntis
680 3349 773 3416 bonis
786 3350 918 3416 misceri
929 3373 1074 3440 sperem-3
1088 3373 1160 3418 cum
1172 3353 1292 3439 duplici
1310 3373 1381 3419 con·

112 3459 287 3526 structione
299 3459 380 3524 Hist.
402 3479 426 3538 ι’,
445 3459 499 3537 15,
521 3458 553 3536 7,
570 3455 636 3524 nisi
646 3455 734 3544 forte
748 3456 886 3544 speretis
898 3454 1035 3524 taedium
1044 3457 1123 3545 jam
1143 3470 1203 3525 aut
1218 3457 1381 3548 pudorem

18 3619 20 3644 ,
115 3563 295 3652 tyrannidis
312 3563 415 3631 Sulla
434 3585 514 3641 esse,
532 3575 562 3629 et
574 3585 650 3629 eum
657 3585 723 3652 per
736 3561 840 3629 scelus
856 3575 1017 3653 occrcpata
1034 3563 1253 3652 periculosius
1276 3566 1381 3632 dimis-

18 3671 19 3690 ³
114 3693 228 3739 surum.
246 3709 291 3724 -
306 3669 494 3760 lulliginum,
510 3672 581 3756 lug.
598 3671 653 3751 31,
669 3672 702 3750 9,
719 3669 944 3759 superioribus
963 3670 1060 3736 annis
1077 3671 1171 3737 taciti
1184 3669 1382 3760 inclipnaba·

19 4606 26 4743 l

21 4789 26 4821 l

21 4828 26 4957 l

22 4966 26 5024 t

114 3778 190 3844 mini
202 3776 361 3846 aerarium
380 3776 536 3866 expilari,
559 3798 649 3866 repes
669 3788 701 3843 et
712 3775 857 3866 populos
874 3775 992 3844 liberos
1002 3777 1120 3866 paucis
1132 3775 1297 3844 nobilibus
1310 3800 1383 3845 cec-

115 3883 355 3974 tipalpendere‚
366 3905 466 3973 penes
485 3882 614 3950 cosdem
631 3895 663 3950 et
675 3905 840 3950 summurn
854 3883 998 3972 pluriam
1013 3895 1045 3950 et
1057 3905 1235 3950 mnaumas
1249 3883 1383 3952 divitias

117 4011 183 4058 esse.
201 3993 250 4060 Cf.
267 3993 436 4070 Caesarem,
453 3991 485 4056 h.
503 4011 530 4056 c.
549 3991 581 4070 3,
600 3992 676 4070 108,
693 3991 747 4078 qui
765 3993 887 4078 primus
902 3991 983 4057 hanc
998 4011 1104 4057 raram
1117 3993 1382 4084 constructionem

118 4100 288 4187 usurpavit,
310 4119 345 4166 ac
362 4110 471 4184 postea
487 4097 613 4164 Livium
632 4111 662 4164 et
682 4098 881 4164 Suetonium.
901 4135 947 4148 -
965 4098 1114 4180 studere,
1139 4109 1175 4165 ut
1194 4099 1280 4186 apud
1300 4100 1381 4166 nnti-

118 4205 590 4290 quosauctoresetCiceronem,
607 4206 676 4271 Cat.
697 4205 776 4283 1,·1,
795 4226 904 4271 emeres
917 4202 1072 4286 hominis,
1090 4205 1150 4294 qui
1167 4225 1233 4274 sese
1252 4203 1385 4272 student

112 4325 264 4395 prestare
274 4311 389 4378 ceteris
400 4309 615 4378 animalibus.
629 4350 670 4361 -
690 4315 885 4401 Proponant,
900 4314 969 4380 Cat.
995 4315 1027 4392 7,
1044 4299 1065 4379 6
1080 4314 1173 4397 (Vide
1187 4333 1285 4400 supra
1298 4315 1314 4398 5
1325 4317 1380 4398 iv).

119 4451 156 4468 -·
178 4418 340 4498 Telorum,
364 4419 432 4484 Cat.
455 4418 514 4496 20,
534 4419 586 4496 11,
614 4417 733 4484 etenim
752 4418 826 4506 quis
846 4418 1039 4486 mortalium
1053 4455 1098 4469 -
1122 4417 1261 4487 tolerare
1275 4430 1385 4507 potest
1496 4463 1498 4472 =

120 4521 177 4590 illis
190 4524 322 4591 divitias
339 4545 509 4613 stuperem,
525 4563 566 4574 —
590 4523 684 4592 rcobis
706 4546 777 4592 rem
790 4525 998 4614 familiarem
1017 4525 1117 4592 etiam
1135 4524 1182 4592 ad
1200 4525 1383 4593 necessaria

123 4626 237 4698 deesse?
251 4632 305 4718 (cl.
323 4633 395 4698 Tac.
411 4631 494 4697 Anu.
514 4653 562 4710 ιιι,
574 4632 606 4711 3,
619 4643 649 4698 ct
662 4634 797 4718 poetas).
814 4667 860 4681 -
876 4631 1025 4715 Censere,
1042 4635 1099 4720 p‘ro
1107 4631 1308 4722 juberelug.
1326 4635 1382 4713 21,
1450 4713 1451 4718 ,

21 4748 22 4786 t
124 4735 152 4813 1,
170 4737 246 4804 uelle
265 4750 297 4805 et
314 4759 441 4804 censere
455 4758 508 4804 eos
522 4737 565 4804 ab
580 4737 682 4804 armis
695 4736 873 4818 discedam
895 4739 948 4825 (cl.
964 4741 1030 4806 Cic.
1048 4739 1130 4806 Plril.
1147 4741 1181 4820 8,
1198 4742 1248 4827 7).
