3666 5724
926 421 1101 482 ..78-

378 577 463 636 recta
477 568 666 636 constructio
682 567 748 635 haec
763 577 842 636 esset
861 589 868 635 :
884 587 992 634 aaa...
1009 563 1166 634 relicto...
1189 563 1248 634 secl
1266 585 1288 634 o
1306 587 1359 634 me
1372 566 1522 658 quesita,
1539 571 1650 658 sicque

377 675 440 742 duo
457 675 625 766 participia
642 677 759 762 pariter
773 676 811 742 ad
824 676 887 742 duo
904 676 1047 741 feminini
1064 675 1188 761 generis
1198 671 1396 743 substantiva
1407 677 1605 764 pertinerent
1621 679 1646 743 ¹.

419 784 490 868 lug.
508 783 564 860 85,
586 783 627 848 18
658 783 704 848 Et
713 783 875 871 prosecta,
897 780 946 848 alls
959 781 1170 870 juvantibus,
1192 783 1300 848 omnia
1318 794 1453 849 matura
1471 795 1559 864 sunt,
1580 783 1650 850 ole-

375 888 473 968 rona,
483 886 616 977 prada,
632 886 706 953 laus
723 911 730 953 :
748 909 819 974 quae
832 888 861 953 si
879 886 980 953 dubia
996 901 1057 953 aut
1066 887 1188 976 procul
1203 899 1316 968 essent,
1339 899 1449 954 tamen
1465 889 1572 956 omnis
1587 888 1647 956 66-

373 1015 432 1060 666
445 992 645 1083 reipublice
664 991 835 1060 subuenire
854 992 996 1059 decebat.
1017 995 1076 1074 Qui
1094 997 1180 1060 locus
1195 995 1329 1062 dubium
1342 1007 1388 1061 est
1403 1017 1479 1063 num
1495 1007 1578 1062 recte
1593 997 1648 1063 hic

377 1112 529 1186 ponatur3
553 1121 627 1166 nam
647 1101 815 1166 relativum
836 1121 908 1188 666
924 1100 964 1165 66
985 1102 1171 1166 antecedens
1191 1101 1304 1166 omnia
1318 1123 1407 1187 reque
1425 1104 1534 1170 referri
1553 1123 1648 1189 posse

374 1207 496 1272 videtur
510 1217 604 1293 atque
621 1207 661 1272 ad
676 1206 829 1272 feminina
842 1208 1041 1273 substantiva
1059 1228 1131 1293 6666
1148 1209 1290 1294 proxime
1311 1209 1506 1294 praecedunt.

415 1313 538 1393 Quibus
552 1313 699 1379 omnibus
713 1314 866 1400 exemplis
880 1315 945 1378 loce
959 1314 1077 1380 clarius
1090 1325 1221 1399 apparet
1235 1333 1409 1399 pronomen
1423 1315 1508 1400 quod
1522 1316 1563 1383 ad
1578 1316 1647 1382 duo

369 1421 419 1486 vel
437 1421 530 1506 plura
549 1420 692 1486 leminiui
709 1421 833 1505 generis
848 1420 1046 1486 substantiva
1066 1420 1223 1488 referatur
1242 1432 1354 1487 neutro
1375 1422 1495 1506 plurali
1516 1442 1647 1508 semper

371 1548 389 1593 a
402 1527 555 1592 Sallustio
571 1526 658 1612 poni.

414 1632 445 1700 6.
461 1635 639 1700 Pronomen
655 1633 695 1699 66
719 1634 782 1699 666
798 1644 853 1698 aut
880 1633 1103 1718 pluradiversi
1133 1634 1256 1719 generis
1281 1635 1479 1700 substantiva
1505 1636 1647 1701 celentur

368 1743 437 1807 Cat.
458 1741 513 1820 36,
536 1743 567 1818 l,
586 1738 641 1806 cai
658 1761 732 1805 cam
752 1737 798 1804 aol
817 1761 968 1805 occasum
992 1737 1034 1804 66
1054 1751 1129 1804 orta
1156 1739 1234 1805 solis
1252 1741 1365 1806 amala
1387 1737 1513 1807 domita
1536 1741 1647 1808 armis

364 1858 533 1935 parerent,
551 1844 643 1912 domi
660 1844 765 1912 otiam
777 1858 876 1933 atque
894 1844 1028 1928 diuitiae,
1045 1867 1117 1933 quoe
1137 1848 1240 1933 prima
1259 1846 1414 1920 mortales
1424 1859 1560 1935 patant,
1581 1847 1646 1914 ad·

364 1950 518 2040 [luerent.

411 2061 444 2126 3⁰
463 2061 501 2126 Et
516 2047 566 2126 hic
586 2061 716 2146 quidem
736 2062 823 2126 locus
838 2059 962 2125 nullam
983 2079 1038 2146 per
1052 2079 1085 2125 se
1099 2060 1318 2126 difficultatem
1335 2061 1436 2141 affert,
1455 2080 1527 2127 cum
1542 2081 1644 2148 regu-

366 2166 430 2232 lam
446 2167 535 2232 illam
549 2167 597 2232 lric
609 2166 751 2232 adhiberi
768 2167 972 2251 perspicuum
986 2166 1039 2245 sit,
1054 2187 1118 2252 qna
1132 2166 1314 2246 relativum,
1326 2166 1411 2253 6666
1427 2166 1466 2232 66
1483 2168 1576 2253 plura
1592 2167 1644 2234 di·

364 2273 446 2339 versi
462 2274 587 2359 generis
601 2273 800 2338 substantiva
814 2273 962 2352 refertur,
980 2274 1097 2359 plurali
1114 2274 1259 2340 neutrius
1280 2276 1404 2359 generis
1424 2295 1556 2340 numero
1579 2295 1644 2359 po-

363 2381 462 2446 nitur.
480 2381 593 2446 utnon
607 2381 737 2446 omnino
757 2380 873 2446 similis
894 2382 980 2446 locus
1004 2393 1051 2446 est
1073 2382 1145 2467 lug.
1178 2383 1232 2456 61,
1257 2382 1270 2445 1
1294 2393 1436 2446 ceteram
1463 2401 1534 2446 mos
1551 2402 1642 2469 par-

363 2485 445 2552 tiam
469 2497 500 2551 et
518 2484 748 2574 factionum...
770 2488 883 2552 Romae
907 2498 997 2552 ortas
1016 2497 1062 2552 est
1086 2485 1151 2551 otia
1173 2497 1273 2574 atque
1288 2485 1497 2552 abundantia
1521 2508 1641 2556 earum

361 2612 481 2670 rerum,
508 2613 579 2678 6666
613 2593 715 2677 prima
742 2591 898 2660 mortales
930 2590 1044 2664 dictent
1076 2593 1144 2679 (alii
1171 2616 1178 2657 :
1210 2591 1361 2678 decerent).

404 2700 461 2765 Hic
480 2699 616 2765 Fabrius
628 2700 846 2766 attractionem
863 2699 960 2778 videt,
978 2711 1008 2764 et
1024 2698 1063 2765 ad
1078 2698 1192 2788 prima
1208 2719 1328 2778 vocem,
1354 2699 1421 2765 vice
1441 2699 1642 2768 substantivi

358 2807 554 2892 fungentem,
579 2807 748 2872 relativum
772 2809 878 2872 refert.
907 2807 1022 2872 Probat
1049 2806 1281 2886 Badstuebuer‚
1304 2817 1334 2873 et
1358 2806 1506 2872 similiter
1533 2809 1642 2893 legem

360 2913 556 2978 attractionis
576 2912 751 2977 adhibitam
774 2923 879 2978 censet
906 2913 975 2978 Cat.
1003 2913 1057 2990 36,
1080 2915 1112 2992 lt,
1135 2912 1239 2978 etlam
1264 2924 1364 3000 atque
1393 2910 1529 2991 divitia,
1559 2933 1640 2999 quae

359 3021 462 3105 prima
480 3019 637 3084 mortales
655 3029 796 3107 patant3
818 3020 889 3104 lug.
912 3019 966 3098 76,
984 3020 1016 3098 6,
1030 3040 1151 3084 aceram
1166 3031 1198 3086 et
1209 3031 1383 3107 arpentum
1406 3030 1438 3084 et
1456 3017 1537 3097 alia,
1560 3040 1640 3104 quae
1694 3099 1697 3106 .

358 3126 462 3212 prima
488 3122 680 3204 detestatam
707 3125 776 3209 lug.
799 3125 854 3203 at,
876 3125 909 3202 2,
926 3145 999 3210 quae
1024 3122 1107 3190 bello
1131 3147 1212 3213 opas
1231 3136 1338 3205 erant,
1370 3125 1475 3210 prima
1495 3125 1634 3194 habere.
1737 3131 1739 3133 ’

356 3233 408 3310 tu,
426 3243 461 3298 ut
483 3253 579 3318 supra
603 3232 780 3311 docuimus,
804 3234 889 3297 locus
909 3233 977 3297 Cat.
1001 3233 1055 3311 36,
1085 3233 1104 3296 l
1127 3233 1196 3298 sine
1217 3231 1414 3298 attractionis
1435 3234 1556 3298 auxilio
1572 3253 1638 3298 etr-2

356 3339 468 3424 plicari
486 3348 602 3425 potost;
620 3337 704 3425 6666
721 3359 794 3404 vero
809 3338 848 3403 66
868 3340 938 3424 lug.
961 3339 1016 3417 76,
1035 3340 1069 3414 6,
1088 3338 1212 3418 attinet,
1230 3339 1256 3404 si
1276 3359 1397 3404 comma
1416 3339 1500 3405 inter
1514 3338 1585 3404 alia
1601 3352 1637 3406 et

355 3466 429 3533 qua
450 3445 587 3530 positum
600 3445 719 3524 deleas,
742 3445 781 3511 66
797 3465 905 3512 vocem
920 3447 1021 3511 solam
1036 3443 1105 3510 alia
1121 3446 1240 3531 plurali
1260 3447 1406 3512 neutrius
1427 3447 1563 3532 positam
1586 3449 1634 3514 la·

354 3553 737 3639 cilerelerturprouomen
746 3577 755 3633 ;
767 3551 799 3617 in
816 3553 928 3618 ultimo
939 3563 1046 3618 autem
1060 3554 1218 3637 exemplo,
1226 3552 1344 3641 prima
1360 3554 1398 3618 66
1408 3555 1633 3620 demonstrati·

354 3679 427 3725 vum
447 3679 619 3744 pronomen
631 3659 958 3725 earelerendumesse
973 3669 1071 3745 patet,
1087 3659 1172 3746 6666
1188 3659 1357 3725 subaudiri
1377 3660 1628 3728 usitatissimum

354 3765 406 3833 sit.
419 3767 550 3833 Nullum
565 3765 710 3852 igiturex
721 3767 766 3832 eis
781 3787 852 3854 quae
867 3766 1038 3834 Sallustius
1050 3767 1168 3852 prabet
1179 3766 1333 3852 exemplis
1344 3765 1562 3833 demonstrare
1575 3765 1630 3853 po·

353 3882 412 3937 test
422 3871 535 3960 prima
551 3865 702 3958 tanquam
718 3873 950 3939 substantivum
967 3874 1005 3939 ab
1021 3893 1057 3939 eo
1073 3872 1251 3938 adhibitum
1269 3873 1377 3938 fuisse.
1395 3873 1456 3938 Nec
1474 3873 1529 3938 alii
1549 3874 1624 3958 qui·

351 3979 423 4044 dem
437 3979 605 4064 scriptores
622 3981 800 4067 exemplum
823 3981 979 4058 alleruut3
997 4000 1071 4045 nam
1087 3979 1172 4064 apud
1187 3980 1371 4044 Terentium
1387 3981 1571 4059 (Heautont.
1591 4001 1624 4059 v,

351 4086 383 4161 2,
397 4086 444 4170 9),
462 4084 522 4151 att
535 4097 564 4152 te
578 4084 649 4153 atat
659 4087 771 4152 alelmo
786 4106 851 4152 esse
866 4088 996 4166 omisso,
1013 4097 1045 4152 et
1057 4084 1176 4151 suavia
1192 4084 1225 4150 irc
1243 4085 1418 4152 prasentia
1429 4106 1502 4172 pua
1517 4098 1626 4152 esseut

346 4191 461 4280 prima
477 4191 607 4273 dobere,
623 4214 729 4282 aeque
742 4191 908 4259 consulere
924 4191 956 4258 in
971 4191 1222 4281 loapitudinem
1241 4193 1387 4278 adjectivi
1402 4194 1540 4280 prolecto
1556 4193 1626 4259 vice

349 4300 494 4385 iungitur
512 4319 568 4365 vox
578 4299 706 4389 prima.

393 4395 544 4491 Superest
565 4405 663 4492 igitur
683 4427 767 4474 uuus
787 4409 873 4473 locus
894 4407 1041 4493 16661,
1061 4407 1092 4484 1,
1111 4403 1147 4470 16
1158 4425 1222 4490 666
1241 4403 1439 4490 explicando.
1450 4406 1623 4490 paululum

379 4549 401 4594 l.
417 4545 475 4594 Nou
491 4553 621 4609 repugnat
632 4546 682 4595 hoe
696 4547 840 4610 exemplum
854 4547 952 4611 regulae
965 4563 1042 4612 quam
1059 4559 1139 4610 supra
1152 4545 1290 4594 statuimus
1306 4545 1351 4608 (ru,
1368 4547 1404 4596 De
1418 4559 1520 4606 ponere,
1532 4545 1565 4607 Α,
1577 4547 1625 4596 ad·

347 4623 400 4666 not.
416 4616 450 4679 2).
466 4631 512 4666 nec
530 4622 632 4680 poterut
645 4615 688 4666 hic
706 4617 876 4680 praedicatum
891 4619 1017 4668 feminino
1032 4631 1127 4682 gauere
1143 4616 1216 4680 poni;
1232 4631 1291 4666 uam
1305 4623 1330 4666 et
1345 4625 1452 4680 propter
1466 4616 1623 4680 asyndeton,

346 4697 373 4736 et
385 4693 490 4750 propter
504 4686 686 4736 attractionem
700 4687 964 4738 demonstrativorum
975 4687 1158 4754 pronominum
1173 4687 1222 4750 lta,
1237 4689 1299 4751 daec,
1315 4687 1347 4736 ab
1361 4687 1485 4754 exemplis
1500 4687 1552 4736 illic
1566 4687 1622 4738 lau-

346 4758 414 4808 datis
425 4757 475 4807 hoc
488 4756 566 4820 longe
580 4757 782 4808 dissimillimum
797 4765 845 4809 est.
