3576 5724
676 456 872 516 -257-

141 601 217 678 406,
232 597 356 664 multos
371 621 403 664 cs
421 599 532 674 domo,
560 601 661 668 Naso.
688 601 835 666 Ceterum
859 600 995 666 vidimus
1022 620 1078 684 pro
1110 599 1261 666 adverbio
1281 599 1413 686 adjecti·

138 727 214 772 vum
229 725 346 792 seepea
366 707 476 771 Nostro
496 717 684 792 usurpatum
706 707 812 787 luisse,
830 707 914 793 quod
931 707 970 772 ab
991 727 1049 772 usu
1067 705 1159 771 latini
1175 707 1330 772 sermonis
1351 727 1412 774 nort

138 811 355 879 alicuum'est.

184 920 218 984 4ο
235 919 353 986 Contra
371 918 556 984 adverbium
572 937 654 1004 saepe
673 939 745 984 cum
765 919 859 984 verbo
879 939 945 984 esse
961 919 1107 1004 junctum
1123 919 1208 1004 apud
1224 919 1414 986 Sallustium

136 1045 303 1091 occurrere
328 1025 476 1101 vidimus,
499 1038 538 1090 ut·
556 1025 687 1112 frustra
706 1044 792 1107 csse;
809 1045 905 1112 quam
917 1026 1184 1092 constructionem
1197 1026 1369 1112 Herzogius
1384 1037 1415 1092 et

135 1131 357 1198 Badstuebner
373 1131 382 1165 ¹
399 1151 470 1197 cum
495 1151 595 1216 graeca
615 1140 699 1211 μάτην
712 1135 776 1192 εἶναι
791 1132 971 1210 conferunt,
994 1131 1109 1198 rectius
1133 1151 1206 1198 vero
1228 1133 1413 1199 Deltoorius

138 1235 177 1320 (l.
200 1236 223 1303 l.
243 1257 273 1324 p.
300 1237 343 1303 79
365 1245 465 1322 supp),
491 1237 541 1303 cui
566 1238 745 1303 Schultaius
761 1238 882 1322 aliique
898 1238 1128 1316 assentiuntur,
1146 1238 1187 1304 ad
1202 1238 1413 1306 imitationem

136 1344 268 1411 Catonis
289 1345 447 1430 pertinere
464 1354 566 1428 putat.
586 1344 742 1410 Similiter
755 1345 819 1410 alia
837 1347 930 1430 plura
946 1344 1097 1411 adverbia
1116 1344 1413 1424 adhibuitSallus-

137 1452 201 1516 tius
216 1475 224 1529 ;
241 1460 424 1517 nontamen
445 1450 515 1514 ideo
531 1468 656 1516 necesse
676 1463 722 1516 cst
742 1451 925 1517 Graecorum
943 1451 1153 1518 imitationem
1176 1451 1355 1517 admittere.
1374 1453 1414 1518 At

137 1558 169 1623 in
191 1559 229 1623 H.
247 1579 270 1638 1,
285 1559 339 1632 45,
354 1559 387 1633 6,
405 1555 571 1644 srcpplicic
586 1557 619 1623 in
629 1569 709 1646 post
728 1558 864 1645 futuros
888 1557 1071 1646 conposuit,
1093 1578 1196 1644 graeca
1219 1561 1412 1626 constructio

137 1665 263 1732 admitti
279 1675 382 1750 polest
398 1673 444 1741 l:
459 1673 482 1722 oi
496 1673 582 1724 ἔπειτα
593 1678 780 1746 Ιγενιοσομενοι).

180 1773 216 1838 5ο
233 1769 320 1852 Onia
331 1790 435 1858 nepote
446 1768 539 1859 plebi
549 1769 670 1836 militia
685 1770 807 1838 volenti
816 1767 1003 1861 putabatur
1017 1781 1048 1836 el
1063 1772 1193 1840 Morino
1209 1783 1267 1838 etc.
1296 1775 1335 1856 (l.
1354 1775 1409 1850 84,

136 1881 181 1963 3);
196 1899 263 1944 reon
279 1889 397 1944 tom-
407 1897 508 1964 potum
521 1876 571 1942 nti
581 1877 742 1944 militibus
752 1891 942 1967 enaeqncttts
952 1899 1026 1944 cnm
1037 1876 1237 1966 imperatore
1247 1877 1341 1944 labor
1355 1899 1412 1944 vo·

135 1983 278 2051 lentibus
301 1996 381 2050 esset
400 1985 440 2064 (J.
460 1989 536 2064 460,
554 1989 600 2068 4).
623 1986 670 2051 Cf.
694 1987 775 2052 Plat.
797 1985 943 2072 Gorgias,
965 1991 1068 2063 εῑαοτῳ
1084 2011 1112 2064 pe
1126 1993 1155 2046 οὐ
1172 1991 1322 2066 βουλομένῳ
1343 1993 1412 2046 ἐστιν

135 2099 338 2176 &caepionem
346 2089 489 2175 Thucydi.
498 2112 534 2168 11,
543 2091 575 2171 3,
583 2107 619 2169 τῷ
627 2101 675 2174 γὰρ
681 2098 829 2158 πλήθειτῶν
836 2101 972 2152 Πλαταιῶν
978 2099 1007 2152 οὐ
1016 2097 1165 2174 βουλομένῳ
1176 2099 1206 2160 ἦν
1214 2103 1412 2160 condeceant-i

134 2207 312 2280 ἀφίστασθαη
334 2197 494 2267 Demosih.
516 2217 571 2283 pro
587 2198 658 2264 Cor.
681 2201 714 2278 5,
731 2207 761 2259 ἂν
777 2207 942 2280 βουλομένοις
955 2207 1057 2260 ἀκούειν
1072 2203 1087 2266 ἦ
1103 2213 1230 2263 τουτοισί.

178 2309 215 2373 6ο
237 2307 318 2388 Qum
337 2303 483 2371 domines
502 2303 675 2400 erumpant,
692 2295 810 2386 crant,
834 2303 1013 2394 edificant,
1030 2305 1147 2372 virtuti
1160 2307 1273 2372 omnio
1289 2321 1412 2397 parcnt

136 2417 184 2499 (C-
209 2417 242 2493 2,
266 2417 314 2500 7);
328 2417 368 2482 cs.
390 2422 489 2500 gt'aece
505 2426 555 2506 ὅοα
569 2423 701 2492 πλέουσιν,
717 2423 835 2499 ἀροῦσιν,
850 2421 1029 2496 οἰκοδομοῦσι.

179 2525 216 2588 7⁰
234 2524 330 2590 Nunc
348 2545 423 2589 vero
447 2527 486 2606 (l.
516 2528 567 2600 44,
594 2525 651 2604 47;
673 2525 708 2591 C.
724 2526 779 2602 58,
801 2523 833 2608 5)
849 2537 941 2582 :odo
957 2527 995 2585 li.

179 2629 215 2695 8⁰
230 2631 358 2695 Incerto
369 2652 432 2719 pro
448 2631 554 2713 ccctis,
575 2629 694 2697 bellitur
710 2652 813 2718 quam
823 2651 942 2718 pacem
965 2629 1134 2696 molebant
1149 2631 1198 2716 (C.
1220 2632 1272 2708 47,
1290 2633 1336 2714 6),
1356 2633 1407 2698 ubi

132 2758 196 2824 pro
208 2755 281 2802 cum
298 2739 393 2803 verbo
409 2738 557 2824 jungitur
571 2737 655 2824 quod
673 2739 736 2803 vim
750 2737 998 2823 comparativam
1017 2737 1123 2814 habet,
1146 2758 1217 2802 oum
1233 2739 1345 2821 graecis
1363 2739 1409 2803 lo-

134 2843 317 2910 cutionibus
333 2846 467 2910 conferri
493 2855 592 2931 potest
611 2844 775 2930 inquibus
798 2843 961 2929 particulae
981 2849 1039 2904 ἀντι
1063 2846 1112 2909 vel
1127 2856 1176 2925 πρό
1192 2863 1263 2909 cum
1278 2864 1408 2930 compa-

44 3040 48 3054 ·
136 2950 238 3014 rativo
251 2949 369 3034 junctae
391 2952 608 3017 inveniuntur.

177 3095 213 3158 B.
236 3129 280 3141 -
295 3094 373 3159 Loca
391 3117 478 3159 traam
502 3115 530 3158 tn
550 3115 658 3168 curicus
678 3094 853 3158 Ganuonuu
871 3113 1004 3158 tutorum
1023 3113 1168 3159 annuitur.

180 3219 212 3282 4ο
227 3218 296 3283 Cat.
315 3219 347 3296 3,
365 3220 397 3297 2,
418 3217 477 3284 ndi
486 3217 525 3283 dc
539 3239 663 3305 moprtc
676 3217 797 3282 virtute
811 3229 910 3304 ctqne
922 3215 1033 3304 pluria
1053 3215 1214 3282 doctorum
1234 3237 1405 3296 memineo,

135 3343 208 3408 poce
222 3321 288 3388 sibi
305 3324 443 3411 quisque
460 3324 579 3412 [ncilla
601 3325 696 3411 sacto
713 3335 824 3412 putot,
850 3343 943 3411 aequo
967 3321 1079 3388 animo
1099 3321 1231 3412 accipit,
1247 3342 1350 3410 supro
1369 3343 1409 3388 ca

135 3427 238 3494 veluti
249 3429 327 3502 ficta
343 3452 407 3522 pro
422 3431 520 3518 sulcis
539 3429 639 3496 ducit.
657 3431 730 3496 Haec
748 3451 875 3514 prorsus
890 3431 1083 3497 conveniunt
1097 3451 1169 3494 eum
1183 3429 1222 3494 iis
1237 3449 1309 3514 quae
1328 3431 1409 3495 Thu-

135 3535 261 3620 cydides
285 3559 325 3614 tt,
347 3537 401 3613 35,
416 3540 449 3614 2,
468 3539 564 3602 elicii:
584 3548 664 3619 μέχρι
684 3547 732 3619 picp
747 3541 824 3596 τοῦδε
840 3527 940 3596 ἀνεκτοὶ
951 3545 975 3596 oi
985 3544 1084 3596 ἔπαινοί
1100 3543 1150 3596 εἰσι
1164 3547 1222 3610 περὶ
1236 3542 1327 3618 ἑτέρων
1337 3541 1409 3614 λεγό-

49 3653 50 3660 ’
134 3667 202 3719 peior
217 3647 242 3710 ἐς
257 3647 317 3700 ὅσον
332 3647 362 3700 ἂν
377 3655 420 3701 καὶ
436 3649 512 3712 αὐτὸς
527 3650 633 3712 ἕκαστος
649 3650 735 3708 ciacon
751 3652 837 3711 ἱκανὸς
852 3647 916 3701 εἶναι
931 3647 1028 3724 δρᾶσαί
1044 3669 1070 3702 τι
1086 3651 1120 3700 ὧν
1133 3653 1238 3714 ἤκουσε,
1256 3657 1293 3720 τῷ
1309 3645 1409 3722 d‘urrep·

134 3741 253 3797 ὅάλλοντι
266 3745 350 3797 αὐτῶν
363 3749 511 3819 φθονοῦντες
527 3745 578 3806 'sidu
596 3752 639 3800 καὶ
653 3746 820 3800 ἀπιστοῦσιν.
1166 3791 1168 3796 ,

178 3839 210 3902 2⁰
227 3838 295 3902 Cat.
318 3837 350 3906 e,
369 3839 400 3916 4,
422 3849 483 3902 citt
492 3837 584 3926 pulsi
604 3837 673 3903 loco
693 3835 805 3903 cedere
820 3837 895 3902 acesi
909 3848 1013 3902 erant.
1035 3840 1083 3904 ct.
1102 3839 1199 3902 Tlruc.
1220 3858 1260 3915 ιν,
1285 3838 1360 3914 tuo,
1374 3837 1406 3914 5,

134 3951 190 4002 οὔτε
204 3953 253 4024 γὰρ
269 3950 342 4013 τάξιν
359 3953 462 4022 ἔχοντες
474 3953 638 4022 αἰσχυνθεῖεν
653 3950 683 4002 ἂν
694 3951 776 4004 λιπεῖν
788 3971 845 4004 τινα
860 3957 950 4027 χώραν
967 3950 1127 4025 βιαζόμενοι.

177 4050 212 4113 3⁰
227 4050 296 4115 Cat.
313 4052 367 4127 38,
382 4052 422 4126 Ι3.
440 4072 595 4138 rrumpere,
618 4050 924 4142 celmanicorum
943 4031 1124 4129 absolvam,
1142 4061 1219 4140 post
1242 4047 1302 4115 itta
1328 4060 1408 4113 tem-

133 4177 217 4242 pora
233 4155 432 4244 qrcictcmqne
446 4179 514 4222 rem
525 4155 698 4246 pullicum
715 4157 883 4244 cpitccere
897 4156 1037 4224 decrestis
1059 4155 1258 4235 nominibus,
1284 4151 1345 4220 olii
1366 4155 1409 4221 si-

136 4261 422 4351 crctipopnlijnrc
434 4261 657 4347 defenderent,
668 4286 753 4352 pccrs
764 4285 828 4352 pcto
839 4276 971 4330 secuntus
985 4262 1164 4330 (auctoritas
1175 4283 1337 4328 macoma
1352 4262 1408 4350 so-

136 4381 193 4448 ret,
228 4367 353 4448 donum¹
371 4368 547 4457 publicum
571 4369 764 4436 simulantes
794 4391 857 4458 pro
881 4393 943 4436 suc
971 4370 1110 4459 quisquc
1137 4369 1287 4460 potentio
1310 4381 1410 4434 certu-

166 4575 187 4621 4.
203 4573 267 4621 ltem
280 4571 311 4621 Α.
330 4572 447 4622 Laurcck
461 4573 487 4634 (l.
506 4574 524 4623 l.
542 4591 565 4631 p.
590 4573 640 4638 35),
661 4589 717 4622 curn
737 4573 888 4636 Thucydide
904 4573 1099 4638 comparatione
1120 4572 1246 4630 instituta,
1260 4585 1318 4622 eum
1334 4572 1409 4621 docel

137 4640 201 4692 hooc
215 4645 435 4692 constructionem
449 4643 572 4694 adhibere
585 4659 635 4692 non
651 4645 733 4694 solum
748 4645 773 4692 in
791 4645 923 4694 adverbiis
940 4659 955 4692 e
973 4644 1065 4708 quibus
1082 4643 1212 4708 adjective
1226 4643 1338 4694 derivari
1358 4658 1409 4692 non

137 4713 234 4774 possint
247 4715 291 4776 (cl.
302 4714 396 4764 Matth.
413 4717 456 4764 Gr.
473 4732 496 4778 p.
511 4718 555 4766 tut
573 4721 598 4764 ot
612 4717 676 4777 889),
692 4723 720 4764 ιιι
733 4715 798 4782 δίχα,
813 4715 897 4782 χωρίς,
909 4716 953 4764 sed
970 4716 1048 4764 ctiam
1063 4730 1122 4766 cum
1133 4713 1217 4780 ῥαδίως
1233 4715 1288 4777 (144).
1305 4715 1347 4770 [V.
1361 4716 1407 4776 46),

139 4780 258 4848 illumque
272 4785 424 4834 Sallustium
440 4786 568 4834 inritatum
584 4802 640 4834 esse
652 4797 749 4836 censet.
