3576 5724
906 405 1101 463 —228-

369 547 442 614 ciati
459 556 506 613 est
527 547 705 633 subjectum
724 549 890 628 referrent,
910 557 965 613 aut
988 547 1178 614 substantivi
1198 548 1337 616 verbalis
1360 549 1460 614 instar
1486 559 1644 634 ponerent

370 653 456 741 quod
482 653 514 718 in
536 652 712 740 genitivum
736 654 936 740 potissimum
956 653 1060 720 cadat.
1085 653 1588 737 (Cl.Kritz.,Dietsch.,lucobs.‚
1603 657 1644 722 ud

369 761 441 848 403.
460 761 515 839 62,
528 759 577 846 8).
590 760 637 828 nd
652 761 723 846 403.
741 762 796 838 62,
819 761 841 828 8
855 761 940 848 quod
954 761 1078 840 attinet,
1097 759 1286 828 locutionem
1299 759 1346 827 ad
1358 759 1590 850 imperandum
1606 783 1647 836 es

372 887 430 934 usu
443 866 621 954 quotidiani
633 867 789 932 sermonis
800 868 891 954 quasi
904 867 936 933 iu
953 869 1124 935 solemnem
1138 869 1309 934 formulam
1325 867 1440 934 abiisse
1455 879 1537 936 recte
1552 869 1646 938 docet

370 974 521 1052 Kritzius
535 991 637 1058 neque
649 973 822 1040 Sallustius
831 985 941 1040 contra
952 975 1054 1040 aetatis
1066 995 1131 1042 suae
1144 975 1406 1040 consuetudinem
1419 975 1584 1061 scripsisse
1597 977 1645 1041 vi·
1762 1063 1763 1066 Ἴ

371 1079 694 1165 delucnmbiguitate
705 1079 801 1167 bvrjus
812 1079 1054 1147 constructionis
1065 1082 1182 1147 abusus
1192 1081 1314 1159 Cicero,
1332 1081 1373 1148 ad
1383 1083 1472 1148 Fam.
1488 1103 1531 1159 ιιι,
1548 1082 1643 1162 253,

368 1187 474 1275 jocose
489 1185 569 1252 dixit
587 1187 599 1251 :'
612 1213 624 1245 ι
638 1207 726 1252 nuuc
746 1184 823 1252 odes
844 1189 884 1252 ad
898 1187 1120 1274 imperandum
1138 1186 1190 1254 uel
1204 1187 1243 1253 ad
1260 1189 1434 1274 parendum
1448 1187 1577 1276 potius;
1599 1187 1647 1254 sic

372 1291 460 1360 'euim
483 1292 616 1380 antiqui
638 1291 870 1380 loquebantur,
896 1319 907 1352 ι
935 1293 1020 1380 quod
1044 1295 1173 1380 quidem
1193 1294 1417 1360 Boetticberum
1434 1297 1522 1380 (Lex.
1545 1294 1647 1361 Taciti

372 1421 404 1487 p.
427 1401 505 1486 243)
520 1399 553 1466 in
569 1393 742 1466 absurdum
757 1419 896 1466 errorem
917 1399 1055 1481 induxit,
1070 1401 1126 1486 qui
1142 1411 1250 1468 nostru
1262 1411 1292 1468 et
1306 1401 1466 1468 Ciceronis
1480 1403 1546 1468 loco
1562 1399 1646 1466 elisei

373 1517 464 1594 putat
477 1505 609 1572 verbum
624 1505 789 1594 imperare
799 1506 899 1592 prisco
919 1527 1006 1572 more
1022 1508 1116 1594 plane
1132 1506 1216 1574 idem
1230 1507 1369 1574 valuisse
1384 1507 1468 1594 quod
1477 1525 1603 1595 parere
1622 1507 1645 1572 ¹.

417 1615 452 1680 6ο
471 1613 584 1682 Verbis
608 1610 790 1689 decernere,
815 1623 969 1693 statuere,
990 1614 1214 1698 similibusque
1238 1635 1310 1699 quaa
1337 1615 1507 1682 consilium
1527 1614 1649 1700 signifi·

283 1765 285 1770 ,
372 1732 458 1801 cant,
480 1711 654 1788 Sallustius
675 1718 760 1785 baud
778 1739 851 1784 raro
868 1740 923 1804 pro
943 1719 1199 1787 nudoinlinitivo
1212 1720 1426 1788 accusativum
1444 1741 1517 1788 cum
1530 1739 1647 1807 gerun-

372 1829 446 1895 divo
459 1827 656 1915 junxitque
674 1827 842 1892 consilium
862 1847 900 1891 en
914 1827 995 1914 ejus,
1012 1827 1066 1912 qui
1090 1827 1170 1892 illud
1191 1829 1321 1912 ceperit,
1339 1827 1497 1892 sententia
1511 1847 1528 1894 e
1544 1846 1664 1894 neces·

373 1932 616 2022 sitatequadam
630 1934 880 2019 prolectumesse
896 1933 1066 2009 indicetur,
1084 1953 1121 1998 ex
1135 1955 1184 2017 30.
1202 1958 1209 2000 ;
1226 1935 1297 2019 lug.
1313 1934 1369 2011 39,
1386 1936 1418 2012 5,
1436 1955 1476 2002 erc
1491 1933 1588 2021 copia
1603 1955 1649 1998 re·

373 2063 450 2110 rum
468 2041 586 2107 statuit
607 2038 695 2108 nteit
717 2037 783 2105 cibi
801 2037 998 2127 opitandum
1021 2041 1074 2126 (cf.
1093 2041 1148 2121 54,
1162 2043 1216 2124 5);
1239 2042 1306 2106 Cat.
1325 2042 1380 2118 50,
1398 2042 1430 2117 4,
1443 2039 1649 2129 supplicium

373 2146 577 2217 sumundum
599 2146 798 2214 decreverat.
819 2149 907 2213 Hanc
927 2158 1120 2213 structuram
1134 2149 1191 2213 etsi
1208 2148 1363 2214 rariorem
1384 2167 1452 2214 osse
1467 2147 1649 2214 Dietsehius

374 2256 462 2331 dicit,
489 2255 614 2322 Bromio
635 2254 822 2320 adversante
836 2254 891 2340 qui
918 2253 972 2335 (ad
994 2254 1072 2338 Nep.
1090 2255 1184 2319 Eum.
1201 2253 1236 2332 8,
1258 2255 1290 2331 4,
1306 2252 1424 2320 statuit
1437 2251 1570 2340 aliquid
1586 2252 1652 2320 sibi

373 2361 504 2430 consilii
527 2360 606 2427 uoci
623 2381 689 2426 esse
717 2357 928 2449 cupiendum)
944 2360 1041 2425 verbe
1065 2357 1269 2437 deserviendi,
1291 2371 1350 2426 etc.
1370 2361 1571 2444 frequentius
1599 2358 1651 2426 ad·

371 2471 516 2556 junctum
537 2468 653 2534 habere
676 2467 887 2553 gerundivum
915 2486 1068 2533 comesse
1088 2469 1273 2553 copulatum
1295 2466 1529 2552 proinstuitivo
1550 2485 1646 2551 praes.

376 2578 468 2644 activi
484 2585 602 2656 monet,
616 2585 720 2640 tamen
737 2574 820 2640 inter
834 2585 1016 2662 utramque,
1029 2574 1340 2660 praeterquamquod
1354 2573 1535 2658 gerundivo.
1546 2574 1649 2659 magis

371 2684 530 2771 judicium
547 2683 626 2768 quid
650 2681 862 2748 necessarium
885 2681 927 2747 sit
949 2701 1045 2767 quam
1068 2682 1240 2748 consilium
1254 2680 1465 2765 significatur,
1485 2680 1565 2746 nibil
1584 2682 1650 2748 lere
1765 2733 1766 2754 2

375 2791 569 2858 discriminis
585 2789 734 2856 interesse
756 2790 805 2854 vel
822 2788 896 2854 inde
913 2798 1010 2874 patet,
1032 2788 1115 2876 quod
1132 2789 1171 2854 da
1196 2788 1306 2856 eadem
1326 2807 1358 2856 re
1374 2788 1508 2874 legimus
1522 2791 1595 2872 403.
1616 2791 1650 2862 4,

377 2899 408 2976 3,
428 2897 508 2985 quio
523 2895 651 2962 decrevi
660 2894 784 2986 procul
800 2915 821 2961 a
840 2915 875 2960 re
895 2893 1030 2984 publico
1042 2905 1173 2962 aetatem
1187 2915 1296 2983 opere,
1318 2882 1434 2962 et'cat.
1457 2897 1489 2974 4,
1514 2897 1546 2974 4,
1565 2893 1653 2963 milri

375 3003 540 3092 reliquom
555 3003 686 3070 ae‘tatem
701 3024 723 3067 α
736 3024 772 3068 re
789 3001 930 3091 publico
941 3000 1066 3090 procul
1076 3000 1262 3068 leuberedum
1277 3000 1416 3068 decrevi.

987 3257 1037 3322 lll.

936 3434 1087 3506 Supinum.
1099 3397 1106 3417 ἱ

919 3537 921 3544 .
1056 3541 1076 3580 ,Ι

420 3599 457 3666 Α.
479 3634 524 3649 -
543 3600 649 3664 Soetur
668 3619 876 3664 accusativos.

422 3707 455 3771 4ο
476 3706 580 3774 Verba
600 3703 724 3770 diversa
749 3724 882 3770 numero
922 3706 984 3771 479
1009 3704 1136 3790 supino,
1163 3705 1203 3770 57
1231 3714 1336 3770 autem
1365 3703 1524 3769 infinitivo
1550 3705 1648 3771 luturi

377 3813 492 3900 passivi
517 3821 671 3898 usurpata
690 3811 788 3880 luisse
807 3814 985 3896 Draegerus
1004 3812 1105 3891 docet,
1130 3809 1213 3877 inter
1232 3830 1311 3897 quos
1326 3811 1392 3878 bac
1409 3809 1584 3899 praesertim
1599 3834 1647 3878 su-

376 3921 465 4008 pina,
479 3919 662 3999 asellustio
675 3917 830 4000 adhibita,
844 3915 984 3984 notanda
997 3919 1136 4004 judicavi
1158 3942 1164 3983 :
1315 3999 1317 4008 Ι
1526 3919 1529 3928 ’

420 4029 591 4115 Aquotum
619 4045 761 4112 egressus
783 4026 866 4112 (403.
898 4025 954 4104 93,
976 4027 1013 4103 9;
1039 4026 1078 4091 04.
1102 4025 1169 4090 Liv.
1192 4025 1247 4104 34,
1279 4025 1334 4105 ld,
1356 4026 1409 4112 9);
1446 4063 1487 4073 —-
1515 4037 1648 4092 curtatur

379 4135 472 4218 (Hist.
492 4155 540 4212 ιιι,
558 4132 613 4210 88,
633 4131 700 4216 46),
717 4134 814 4199 asolo
831 4132 908 4199 Sall.
927 4142 1133 4220 usurpatum;
1146 4168 1191 4181 -
1210 4131 1377 4220 aequitum
1391 4131 1478 4196 tnlsit
1491 4132 1576 4220 (403.
1593 4133 1647 4212 93,

378 4242 428 4324 7);
445 4235 647 4306 -oleditum
660 4241 741 4324 (403.
760 4240 814 4318 38,
832 4239 883 4324 il:
898 4276 942 4290 -
956 4260 1105 4304 evorsum
1118 4239 1246 4324 profecti
1264 4250 1337 4306 sunt
1354 4239 1446 4321 (llist.
1465 4260 1488 4320 ι,
1502 4239 1556 4319 45,
1567 4240 1647 4326 .83);

374 4345 619 4414 -eccubitum
629 4349 753 4414 mittere
774 4348 857 4434 (403.
882 4348 958 4428 496,
975 4348 1026 4434 4);
1049 4344 1258 4435 erplorotum
1275 4347 1358 4434 (403.
1377 4347 1432 4428 54,
1448 4347 1482 4421 3;
1505 4347 1580 4424 405,
1603 4347 1646 4432 5),

350 4483 352 4488 ’
375 4455 461 4544 quod
478 4453 563 4542 apud
587 4455 742 4522 Caesarem
756 4453 863 4522 deesse
891 4453 1028 4533 videtur,
1056 4454 1109 4519 sed
1135 4475 1152 4518 a
1170 4455 1288 4539 Nepote
1303 4465 1333 4519 et
1348 4453 1436 4522 Livio
1453 4454 1649 4540 frequentius

376 4572 566 4648 usurpatum
581 4571 644 4641 est;
660 4597 701 4611 -
718 4559 879 4628 obsessum
895 4562 977 4648 (403.
998 4561 1073 4642 493,
1095 4561 1144 4646 Ι);
1159 4599 1204 4612 --
1210 4559 1417 4650 postulatum
1428 4563 1511 4648 (403.
1528 4561 1584 4638 83,
1597 4561 1646 4646 4);

409 4749 430 4796 l.
450 4749 493 4796 Sic
507 4709 561 4795 lere
578 4747 690 4794 Kritzius
705 4747 737 4795 etl
751 4747 810 4810 403.
822 4751 862 4807 62,
877 4752 901 4807 8,
914 4747 981 4811 apud
996 4763 1071 4812 quern
1087 4747 1161 4810 plura
1175 4747 1243 4811 4030,
1260 4746 1281 4795 si
1298 4747 1371 4796 velis.
