3576 5724
705 442 901 498 -arr-

165 583 374 662 inducantur,
392 591 427 650 ut
440 584 616 652 viventium
633 585 775 651 instaret
791 585 899 652 anima
914 585 1089 652 fruentium
1100 587 1291 668 habeantur,
1307 589 1442 678 ideoque

163 710 232 757 non
249 691 379 777 subjecti
400 693 503 758 locum
525 701 664 757 teneant.
689 693 861 760 Sallustius
881 713 953 758 vero
975 692 1059 758 hunc
1085 695 1326 779 participiorum
1351 717 1442 764 usum

163 798 298 863 omnino
312 799 422 877 euitat,
441 799 484 864 ila
501 805 537 863 ut
554 818 593 864 ne
608 798 772 885 praedicati
789 799 919 884 quidem
939 801 1042 865 locum
1063 800 1149 886 apud
1168 821 1241 867 eum
1262 803 1327 868 alia
1344 803 1441 888 parti-

162 905 251 988 cipia
267 913 406 982 teneant,
425 905 485 970 nisi
503 925 640 990 quorum
654 905 831 990 subjectum
849 925 983 990 persona
997 906 1106 992 aliqua
1120 917 1178 986 est,
1196 909 1282 973 velut
1294 909 1366 994 lug.
1387 911 1440 986 ll,

162 1009 199 1075 3.
219 1010 447 1096 Excipiendum
464 1022 510 1076 est
525 1011 758 1078 substantivum
777 1011 922 1090 animas,
939 1012 1037 1097 quod,
1055 1013 1131 1098 quia
1151 1034 1290 1100 persaepe
1308 1035 1362 1100 pro
1384 1016 1442 1081 ho-

137 1202 141 1207 .
162 1117 252 1182 mine
268 1117 370 1202 ipson
391 1119 544 1188 Sallustio
564 1119 704 1203 ponitur,
727 1119 758 1183 in
774 1119 917 1202 regulam
937 1139 1035 1204 supra
1052 1119 1185 1204 positam
1202 1121 1294 1198 radit,
1317 1132 1351 1186 ut
1364 1123 1437 1206 lug.

167 1223 199 1302 l,
215 1224 246 1301 3,
264 1223 324 1311 qai
337 1222 507 1308 (animas),
525 1222 583 1289 nbi
597 1222 645 1289 ad
654 1222 797 1311 pluriam
812 1223 943 1290 uirtutis
958 1225 1013 1289 oia
1025 1235 1210 1312 praecatur,
1228 1225 1360 1292 aburtde
1377 1230 1441 1314 pol-

167 1331 236 1396 lens
256 1322 430 1416 potensque
445 1339 476 1394 et
501 1328 610 1396 alteras
630 1343 677 1396 est
693 1331 747 1417 (ol.
770 1332 838 1396 Cat.
857 1332 890 1410 5,
908 1333 939 1407 l,
958 1332 1033 1416 eto.)
1045 1355 1054 1410 ;
1075 1332 1226 1398 similiter
1241 1335 1371 1399 nomina
1391 1355 1442 1400 re·

166 1455 338 1522 rumque
356 1421 387 1500 in
405 1456 612 1522 personarum
629 1439 732 1502 locum
747 1438 930 1516 succedunt,
949 1447 983 1503 ut
997 1438 1067 1524 Jug.
1087 1438 1142 1516 89,
1161 1441 1193 1516 l,
1210 1452 1283 1504 erat
1297 1439 1382 1504 inter
1398 1442 1441 1505 ia·

167 1553 280 1630 pentes
293 1540 484 1608 solitudines
500 1541 657 1631 oppidum
675 1564 835 1630 mappam
849 1555 948 1630 atque
964 1547 1085 1625 valens,
1099 1544 1231 1610 nomiae
1247 1546 1369 1634 Cupra.
1388 1549 1442 1613 Ce-

167 1661 271 1716 terum
287 1650 353 1714 haec
374 1652 486 1736 regula
501 1669 565 1714 uon
586 1649 672 1715 eadit
694 1651 725 1715 in
750 1651 919 1736 participia
938 1652 1119 1730 verborum,
1142 1672 1225 1736 quae,
1250 1654 1321 1718 licet
1342 1654 1441 1719 torma

164 1777 277 1822 eorum
292 1754 333 1840 sit
354 1757 468 1836 activa,
485 1767 591 1822 tamen
611 1777 674 1822 non
696 1757 851 1823 actionem
871 1757 1063 1842 significant,
1080 1758 1134 1824 sed
1151 1769 1268 1824 statum
1285 1760 1438 1846 aliquem,

161 1865 251 1928 velut
269 1864 285 1928 J
291 1881 342 1946 ug.
359 1863 415 1940 83,
435 1865 465 1938 l,
482 1884 547 1928 nea
558 1861 708 1950 floreatis
722 1885 773 1928 res
791 1884 869 1929 satas
888 1885 962 1928 cam
980 1863 1155 1951 Juparthaa
1174 1866 1305 1950 perditis
1325 1865 1440 1931 mc'sce-

161 1981 228 2046 ret3
247 1970 302 2048 93,
321 1971 352 2046 l,
370 1967 466 2034 modo
489 1971 704 2035 eminentibus
722 1969 812 2034 roais
830 1969 895 2034 nisi
898 1990 913 2051 ,·
931 1971 1005 2049 aba,
1024 1972 1055 2048 3,
1082 1969 1243 2038 Voltta-
1262 1970 1295 2038 in
1315 1973 1440 2062 campis
1480 1961 1485 1972 ’

163 2076 349 2161 patentibus
365 2096 439 2141 cam
455 2075 545 2142 mille
557 2097 623 2142 nort
639 2075 783 2164 amplias
797 2075 961 2163 equitibus
975 2099 1042 2143 sese
1057 2075 1196 2143 ostendit
1215 2078 1236 2142 ¹.
1287 2161 1289 2165 ,

207 2183 241 2248 2⁰
259 2183 416 2248 Praeterea
434 2183 601 2268 participia
618 2183 803 2249 attributiua
818 2183 960 2249 relativis
972 2184 1150 2249 enunciatis
1165 2187 1355 2270 respondere
1372 2206 1439 2271 pos-

159 2300 248 2366 sant,
268 2289 301 2354 in
317 2289 433 2375 quihus
447 2289 601 2356 memoria
618 2289 664 2354 rei
685 2289 777 2355 modo
797 2301 979 2355 memoratae
994 2294 1037 2355 ita
1053 2301 1230 2370 revocatur,
1250 2301 1283 2357 ut
1299 2293 1327 2357 ei
1344 2299 1437 2378 quasi

160 2395 323 2461 narrando
336 2406 367 2461 et
384 2416 440 2482 per
455 2395 686 2482 appositionem
703 2405 890 2462 annectatur
906 2396 1041 2481 aliquid,
1059 2406 1089 2461 et
1104 2406 1179 2463 tnnc
1193 2398 1322 2483 quidem
1335 2420 1371 2465 ex
1383 2420 1436 2465 na·

160 2501 226 2566 tiva
246 2502 371 2568 relativi
389 2501 586 2588 pronominis
601 2503 831 2588 significatione
848 2503 929 2567 nihil
952 2512 1048 2568 restat
1067 2502 1128 2568 nisi
1150 2504 1197 2568 vis
1217 2505 1366 2590 quaedam
1383 2525 1436 2571 co-

160 2609 304 2694 pulativa
325 2610 371 2674 vel
392 2609 604 2694 epexegetica‚
629 2629 664 2674 ac
687 2628 918 2695 nonnunquam
939 2609 1104 2693 particulae
1125 2609 1233 2696 quasi,
1260 2622 1433 2698 tanqaam,

157 2723 210 2790 ut,
227 2712 347 2802 quippe
364 2714 531 2799 participio
547 2713 755 2801 adjiciuntur.
774 2714 916 2794 Quorum
929 2715 1169 2800 participiorum
1183 2737 1257 2781 usus
1269 2719 1436 2802 aliquanto

159 2820 258 2884 latius
273 2830 464 2907 patetquam
473 2821 541 2907 ejus
554 2821 677 2906 generis
693 2822 777 2907 quod
789 2821 889 2906 primo
903 2823 968 2886 loco
983 2821 1157 2904 posuimus.
1180 2824 1281 2888 «Nom
1296 2823 1435 2908 primum

158 2926 289 3012 quidem
306 2927 378 2992 huic
394 2928 465 2992 usui
483 2947 545 2992 non
561 2928 654 2992 modo
674 2925 909 2992 accommodata
931 2939 1005 2992 sunt
1030 2947 1067 2992 ea
1092 2929 1261 3014 participia
1281 2951 1353 3016 quaa
1373 2931 1435 2995 ali-

157 3032 237 3118 quid
253 3032 414 3111 denotent,
431 3033 515 3120 quod
538 3034 703 3126 proprium
717 3033 758 3099 sit
778 3033 922 3099 vocabuli
944 3034 1037 3119 eique
1057 3055 1181 3120 semper
1202 3035 1430 3115 adhaerescens,
1505 3059 1506 3064 ¹

157 3137 213 3204 sed
228 3139 324 3204 etiam
339 3159 375 3204 ea
397 3160 468 3226 quaa
492 3139 614 3225 aliquid
639 3140 828 3225 significent,
850 3140 935 3226 quod
954 3141 995 3206 sit
1015 3141 1190 3206 insiticium
1210 3143 1309 3228 magis
1330 3154 1360 3208 et
1379 3164 1433 3208 ex-

156 3246 313 3312 trinsecus
329 3246 467 3324 illatum,
482 3247 580 3312 veluti
596 3247 666 3330 Jug.
693 3248 766 3323 toa,
791 3249 821 3326 l,
839 3246 887 3312 idi
904 3269 978 3312 cam
992 3247 1117 3313 Boccho
1132 3247 1280 3317 Nereida
1294 3249 1432 3337 quidam

155 3352 268 3440 Aspar
281 3352 414 3417 nomine
431 3352 575 3418 maltum
588 3365 620 3418 et
634 3353 853 3440 familiariter
870 3353 1001 3441 apebat,
1021 3357 1202 3439 praemissus
1216 3377 1236 3420 a
1251 3357 1430 3444 depactio,

153 3460 332 3545 postquam
347 3457 478 3526 Sullarh
493 3459 636 3525 accitam
650 3457 815 3540 audierat,
833 3473 947 3526 orator
956 3473 987 3526 et
996 3459 1131 3526 subdole
1140 3463 1345 3549 speculatum
1356 3446 1433 3528 Boc-

157 3563 212 3630 chi
225 3563 466 3650 constan-mg.
483 3567 539 3644 tt,
562 3568 593 3630 l.
611 3565 784 3652 epistolam
803 3587 903 3655 saper
921 3579 1024 3656 caput
1036 3567 1070 3632 iro
1079 3565 1222 3658 pulvino
1239 3580 1429 3663 temere'po·

156 3668 253 3736 sitam
273 3670 375 3736 sumit
388 3693 428 3737 ac
439 3670 590 3760 perlepit.
609 3673 730 3738 Deinde
746 3673 802 3738 hoc
825 3674 854 3738 in
871 3693 984 3758 genere
1004 3673 1148 3739 videmus
1168 3695 1239 3740 cum
1260 3676 1431 3763 participio

157 3778 220 3842 alia
241 3776 458 3844 additamenta
479 3779 628 3844 liberiore
649 3779 740 3844 modo
760 3779 908 3864 conjungi
931 3799 1032 3864 posse,
1051 3800 1150 3864 quum
1172 3781 1348 3866 participiis
1363 3783 1430 3868 ejus

155 3883 293 3967 generis,
311 3883 395 3969 quod
414 3885 515 3969 primo
533 3886 599 3950 locu
617 3885 719 3970 posui,
737 3885 875 3950 nonnisi
893 3887 971 3950 talia
987 3885 1204 3952 additamenta
1219 3908 1377 3973 apponere
1394 3889 1429 3953 li·

155 3998 235 4067 caat,
252 4010 409 4076 quacum
426 3991 595 4077 participio
609 3991 676 4076 ipso
690 3992 865 4057 coalescere
877 3993 966 4076 quasi
979 3994 1112 4076 possint,
1126 3995 1221 4059 veluti
1234 3994 1305 4080 lug.
1324 3995 1379 4073 at,
1396 3997 1426 4070 l,

156 4115 253 4183 saper
277 4107 369 4184 tarpa
387 4094 496 4183 plauti
516 4109 548 4162 et
565 4109 671 4176 scrita,
696 4117 809 4164 aarum
835 4119 874 4163 ea
892 4097 1073 4167 Numidica
1092 4121 1133 4165 ea
1154 4099 1258 4190 coriis¹
1273 4098 1430 4186 ponderis

155 4201 266 4287 pratia
280 4201 383 4268 simul
395 4214 425 4268 et
439 4205 560 4272 ollensa
574 4224 639 4291 qao
655 4202 758 4269 levius
772 4215 967 4292 streperent;
987 4206 1043 4282 at,
1065 4206 1096 4282 3,
1120 4204 1338 4272 incastellare
1350 4228 1429 4294 per-

155 4308 291 4373 ueniant
303 4310 462 4375 desertum
478 4308 520 4374 ab
535 4331 574 4374 ca
584 4323 695 4398 parte,
712 4310 802 4397 qaod
814 4332 924 4376 omnes
938 4311 1023 4377 aierit
1035 4311 1110 4378 alcis
1125 4309 1238 4378 diebus
1251 4309 1428 4380 advorsum

153 4413 255 4480 bostis
274 4413 453 4498 adcraatf.
476 4443 487 4476 a
848 4424 854 4434 '

197 4523 242 4586 Ea
262 4543 335 4588 vero
356 4523 527 4608 participia
546 4542 610 4589 non
626 4522 769 4589 adbiberi
789 4535 931 4611 possunt,
955 4525 1014 4592 nisi
1033 4547 1131 4612 quum
1152 4527 1245 4604 actio,
1263 4547 1334 4612 quae
1355 4549 1429 4614 pnr-

184 4699 206 4744 l.
226 4695 304 4744 Plura
317 4689 377 4760 lege
387 4698 455 4762 apud
471 4697 546 4756 Lilie,
559 4699 578 4746 l.
595 4697 651 4760 lip.
665 4701 744 4748 12-13.

183 4767 206 4814 2.
225 4766 298 4826 Lilia,
314 4783 338 4831 p.
358 4771 395 4818 ta.
