3666 5724
709 444 882 508 ..79-

156 587 424 680 acquiescendum
438 599 497 657 est.
509 589 552 657 Ac
565 589 703 676 primum
713 582 852 654 Krit'zius
868 585 1006 654 hocloco
1021 608 1029 651 :
1052 613 1062 646 ι
1081 587 1162 670 Qua
1172 584 1298 675 primo,
1312 588 1429 677 inquit,

156 703 202 766 ita
220 699 340 766 dictum
354 708 402 764 est
416 711 451 763 ut
466 697 637 763 relativum
652 707 776 762 tantum
790 693 883 760 modo
897 694 936 760 ad
950 715 1081 760 sensam
1097 695 1343 781 precedentium
1360 718 1431 765 ver·

156 809 285 886 borum,
303 825 366 872 non
382 804 421 870 ad
445 824 547 891 pentes
564 802 822 890 qromnaaticom
839 801 999 886 respiciat,
1022 822 1093 887 quae
1111 803 1235 868 licentia
1249 815 1364 870 natura
1377 826 1431 891 ge-

154 914 319 981 neralium
342 913 509 978 notionum
533 911 659 975 nititur.
687 893 883 995 quaquam
907 909 1043 974 manime
1063 920 1180 973 rteotro
1206 912 1431 994 pronominum

155 1031 214 1086 aut
229 1020 458 1106 adjectivorum
479 1037 596 1105 qaaere
620 1017 842 1093 enuncientur,
865 1016 957 1101 cnjus
979 1016 1063 1098 uices
1087 1016 1261 1100 saepissime
1279 1039 1332 1083 res
1355 1019 1432 1086 sub-

154 1126 330 1194 stantivum
353 1145 425 1191 cum
450 1123 636 1209 pronomine
661 1131 716 1188 aut
735 1122 889 1209 adjectivo
911 1122 1116 1207 conjunctum
1137 1124 1271 1190 sustinet
1291 1124 1369 1206 (vid.
1392 1125 1432 1190 ad

155 1236 228 1302 Cat.
246 1253 334 1311 nvrrr,
355 1233 388 1311 8,
407 1252 437 1317 p.
460 1231 503 1297 89
522 1241 553 1296 et
568 1232 686 1315 Herzog
702 1229 739 1294 nd
755 1249 782 1294 c.
800 1250 842 1304 rx,
861 1230 892 1293 l.
913 1249 944 1314 p.
963 1230 1033 1312 ll),
1053 1229 1212 1296 interdum
1228 1241 1364 1316 utraque
1382 1232 1432 1296 di-

154 1339 248 1407 cendi
272 1342 365 1415 ratio,
395 1359 490 1404 sensu
507 1338 601 1422 plane
629 1321 698 1421 par,
715 1338 761 1402 ita
780 1337 962 1421 copulatur,
988 1336 1134 1402 utnulla
1154 1337 1279 1422 generis
1299 1337 1332 1404 in
1358 1359 1435 1422 prae·

155 1466 263 1533 gresso
291 1443 433 1510 membro
459 1443 541 1510 ratio
568 1444 732 1509 habeatur.
749 1443 797 1508 Cl.
824 1443 1035 1510 Rharnslrorn.
1054 1442 1192 1508 Gramm.
1219 1445 1288 1510 Lat.
1312 1446 1328 1528 ἓ
1354 1446 1431 1523 206,

155 1556 196 1620 A.
211 1554 243 1628 2,
258 1553 288 1618 b.
303 1573 335 1638 p.
353 1552 430 1628 691,
446 1550 496 1616 ed.
514 1572 536 1627 r,
550 1551 604 1634 qui
623 1550 704 1614 hunc
718 1569 808 1614 usum
826 1570 881 1633 per
896 1568 1003 1614 omnes
1022 1558 1126 1634 partes
1142 1560 1267 1614 secutus
1280 1561 1343 1629 est;
1359 1553 1432 1636 lug.

159 1660 237 1736 roa,
247 1658 280 1733 9,
293 1657 522 1724 leomarum-om
536 1677 648 1721 rerum
659 1656 799 1743 sortann
808 1653 970 1743 pleraque
983 1655 1080 1742 reqil3
1095 1665 1153 1720 etc.
1171 1683 1182 1715 ι
1194 1658 1436 1742 ——Sequuntur

156 1764 372 1849 multahujus
391 1763 636 1829 constructionis
656 1763 801 1847 exempla
819 1762 989 1847 exquibus
1010 1783 1110 1828 unum
1133 1762 1192 1827 hoc
1213 1763 1348 1830 referam
1371 1787 1378 1829 :
1395 1766 1435 1831 In

156 1893 211 1938 me
234 1867 364 1959 quidvis
385 1868 507 1935 aarum
533 1889 644 1934 reram
664 1866 915 1954 convenitque
934 1879 1014 1933 sont
1040 1865 1128 1934 dicta
1148 1867 1183 1934 ira
1205 1868 1343 1936 stultam
1368 1871 1436 1956 (Te-

157 1988 241 2044 rent.
259 1979 430 2042 Heautont.
456 1996 487 2053 v,
515 1997 538 2053 1,
555 1975 603 2059 3).
626 1976 674 2040 cf.
692 1975 787 2039 etiam
807 1995 878 2060 quae
897 1974 1023 2060 scripsit
1039 1975 1122 2040 idem
1140 1975 1259 2042 adCat.
1280 1977 1335 2054 18,
1351 1977 1385 2055 8,
1406 1986 1436 2042 et

159 2084 242 2151 adde
267 2083 447 2167 exemplum
471 2083 529 2146 hoc
554 2082 624 2165 lug.
653 2083 683 2158 1,
705 2082 737 2158 5,
766 2078 908 2162 Quodsi
934 2078 1122 2146 dominibus
1151 2083 1308 2149 bonarum
1329 2103 1436 2150 rerum

161 2202 257 2256 tanta
283 2211 365 2254 cura
384 2199 474 2267 esset,
500 2199 624 2274 quanto
644 2185 752 2252 studio
773 2187 880 2252 aliena
903 2208 942 2251 ae
965 2184 1053 2251 altit
1070 2188 1238 2272 profutura
1264 2188 1437 2278 multoque

159 2296 263 2362 etiam
272 2293 462 2383 periculosa
470 2304 600 2381 petunt.
613 2330 656 2343 -
666 2293 778 2358 Kritzii
794 2293 942 2379 equidem
957 2293 1102 2378 opinioni
1116 2296 1209 2379 plane
1225 2298 1393 2375 assentior,
1406 2309 1438 2362 at

160 2401 370 2468 nullomodo
393 2421 431 2466 ea
460 2401 595 2487 probare
616 2419 746 2485 possum
765 2421 837 2486 quaa
858 2400 1068 2466 Auscht'itnius
1084 2401 1120 2486 (l.
1142 2401 1162 2466 l.
1186 2421 1217 2486 p.
1246 2403 1300 2488 tn)
1323 2423 1361 2468 ex
1378 2405 1437 2468 Fa-

162 2509 237 2588 lorii,
268 2508 463 2585 dividetur,
489 2507 647 2586 sententia
672 2507 726 2593 (ad
745 2507 814 2572 Cat.
837 2507 870 2585 5,
889 2507 923 2590 7)
944 2507 1045 2588 docet,
1065 2507 1185 2574 scilicet
1209 2530 1272 2574 uno
1292 2509 1438 2576 feminini

164 2615 289 2704 generis
309 2613 507 2680 substantivo
532 2613 739 2699 praecedente,
758 2632 932 2699 pronomen
948 2613 1031 2698 quod
1049 2614 1088 2678 ad
1105 2613 1136 2678 id
1149 2615 1306 2699 pertineat
1323 2616 1439 2682 nihilo·

160 2723 268 2788 minus
291 2732 405 2787 neutro
424 2739 538 2804 genere
562 2733 752 2804 usurpatum
772 2719 922 2798 inveniri,
940 2722 1120 2804 exemplum
1137 2720 1356 2807 laudanslug.
1381 2723 1437 2801 ll,

161 2831 192 2894 1.
210 2830 280 2894 Non
300 2827 398 2906 enim,
415 2827 766 2914 quolibetsubstantiro
780 2826 988 2912 praecedente,
1004 2825 1056 2900 sed
1074 2836 1198 2892 tantum
1211 2849 1261 2893 res
1276 2837 1351 2896 vo'ce
1366 2849 1438 2895 cum

161 2935 319 3022 adjectivo
334 2946 389 2999 aut
409 2934 595 3020 pronomine
607 2933 731 3026 juncta,
749 2933 815 2996 haec
830 2932 1024 2998 constructio
1041 2933 1165 3000 relativi
1184 2946 1297 3001 neutro
1319 2937 1438 3022 plurali

159 3032 337 3108 inuenitur.
347 3039 640 3107 Rectiusverodicit
650 3039 1089 3124 illeeodemloco,nunquam
1099 3041 1320 3106 attractionem
1330 3042 1440 3108 admit·

159 3148 289 3240 tendam
303 3167 382 3226 esse,
400 3147 461 3212 nisi
481 3166 617 3232 sequens
633 3147 835 3224 vocabulum,
852 3145 892 3212 ad
908 3145 993 3232 quod
1010 3166 1184 3231 pronomen
1195 3159 1325 3232 spectet,
1343 3151 1440 3216 conti·

160 3265 281 3322 neatur
296 3254 424 3320 nomine
440 3254 549 3340 aliquo
562 3253 772 3318 substantivo.

206 3363 253 3427 En
273 3362 312 3427 iis
329 3361 426 3446 igitur
439 3380 510 3444 quae
523 3360 732 3426 dissernimus
744 3360 815 3444 lug.
834 3360 888 3435 tl,
912 3360 927 3424 1
951 3359 1141 3426 Sallustium
1157 3380 1220 3426 non
1237 3364 1439 3442 attractione,

161 3468 217 3534 sed
233 3489 271 3534 ea
286 3488 357 3552 quae
372 3467 489 3533 dicitur
504 3464 550 3532 od
571 3486 702 3531 cerasum
715 3467 961 3544 constructione,
979 3486 1071 3534 usum
1086 3487 1153 3534 esse
1173 3479 1259 3553 patet
1275 3469 1297 3534 ¹.

196 3713 220 3757 t.
239 3707 352 3756 Unicum
366 3719 428 3755 sane
438 3704 586 3767 exemplum
600 3709 641 3752 est
654 3702 771 3753 Sallustii
785 3704 846 3767 lug.
856 3706 895 3764 57,
911 3707 942 3754 5:
957 3707 1054 3756 contra
1067 3719 1098 3767 ea
1111 3705 1239 3771 oppidani
1250 3707 1281 3758 t’n
1293 3721 1443 3772 prosternas

162 3791 239 3830 soca
252 3779 370 3834 volnere,
386 3777 474 3836 sudes,
488 3777 556 3840 pilo,
573 3778 707 3838 practerea
724 3773 811 3838 picem
830 3773 961 3840 sulphure
981 3780 1006 3826 el
1028 3777 1096 3827 laeda
1108 3779 1226 3829 mixtam
1241 3778 1360 3829 ardentia
1380 3780 1442 3831 mit·

164 3853 232 3906 tere,
248 3847 291 3896 ubi
310 3855 380 3895 recte
401 3844 540 3905 Jordanus,
556 3844 711 3908 scripturam
731 3843 846 3892 Parisini
863 3843 961 3893 codicis
978 3853 1092 3902 secutus,
1109 3845 1347 3911 interpretationem
1362 3850 1442 3899 Cortii

162 3928 189 3968 et
203 3917 337 3968 Gerlachii
350 3915 521 3973 confirmavit,
537 3915 580 3978 qui
589 3915 716 3968 ardealio
730 3913 764 3962 ad
776 3914 827 3963 tria
841 3914 1001 3964 substantiva
1013 3916 1110 3965 diversi
1123 3918 1227 3981 generis
1239 3919 1363 3969 referunt.
1378 3921 1443 3978 Quae

162 3987 324 4038 constructio
337 4003 386 4036 non
401 3988 509 4035 multum
527 4001 589 4035 sane
604 3985 735 4050 discrepat
746 3986 777 4034 ab
793 4001 824 4034 ea
836 4000 888 4048 qua
900 3985 1007 4050 pluralis
1022 4001 1144 4038 numerus
1159 3989 1323 4048 adhibeatur,
1336 3991 1442 4040 eumad

163 4061 216 4110 duo
232 4059 390 4109 substantiva
405 4058 586 4122 conjunctione
607 4071 666 4108 cam
681 4058 748 4106 inter
765 4057 894 4121 sejuncta
914 4059 1051 4120 pertineat,
1066 4065 1093 4108 ut
1107 4060 1162 4110 Cat.
1176 4063 1214 4119 13,
1231 4064 1253 4121 1,
1272 4063 1332 4125 lug.
1348 4065 1401 4123 llll,
1417 4066 1441 4123 5,

163 4138 215 4180 etc.
227 4147 233 4192 ;
246 4140 367 4179 neutrum
381 4144 441 4178 vero
453 4129 509 4191 jure
530 4139 680 4191 usurpatur,
703 4128 724 4177 si
744 4128 819 4192 plura
834 4129 939 4178 nomina
961 4129 1057 4178 diversi
1074 4131 1180 4194 generis
1199 4133 1359 4194 praecedant,
1378 4148 1441 4196 quo·

162 4217 224 4250 rum
239 4202 290 4250 duo
310 4201 445 4258 feminino,
460 4215 540 4248 unum
558 4214 619 4248 vero
642 4209 734 4248 neutro
750 4214 844 4262 genere
865 4199 907 4249 sit.
923 4201 977 4250 Nec
994 4200 1070 4250 video
1092 4217 1138 4250 cur
1152 4202 1268 4252 Kritzius
1285 4204 1327 4267 (ad
1342 4205 1368 4253 h.
1382 4204 1401 4254 l.
1415 4221 1441 4268 p.

164 4273 221 4334 313)
233 4272 283 4321 hoc
300 4271 337 4320 ita
351 4271 405 4319 lieri
422 4270 493 4319 nullo
508 4271 585 4319 modo
604 4285 681 4333 posse
696 4270 818 4327 affirmet,
832 4270 954 4328 quoniam
969 4271 1019 4320 duo
1036 4274 1183 4335 posteriora
1193 4274 1318 4324 vocabula
1331 4290 1381 4324 non
1396 4291 1442 4338 pa-

163 4358 223 4391 rem
236 4343 365 4390 rationem
380 4357 438 4391 cum
450 4357 512 4390 voce
525 4342 615 4405 picem
629 4341 751 4396 habeant.
764 4341 810 4389 sed
822 4347 921 4390 tantum
933 4342 1011 4392 modo
1025 4343 1057 4390 ad
1073 4357 1130 4392 eam
1145 4344 1316 4394 definiendam
1329 4347 1442 4398 valeant.

167 4414 248 4466 Tarda
263 4414 331 4462 enim
347 4429 395 4462 vox
416 4413 458 4463 hic
480 4429 530 4462 non
544 4415 665 4462 arborem
684 4413 823 4476 quamdam
835 4421 879 4462 aut
890 4415 991 4478 assulas
1005 4413 1075 4463 illius
1090 4416 1202 4478 arboris,
1218 4417 1263 4469 aad
1278 4432 1384 4466 succum
1397 4419 1443 4482 qui
1466 4461 1471 4478 ,

165 4500 196 4534 ex
219 4499 250 4532 ea
264 4484 356 4533 defluit
369 4483 498 4547 designat,
512 4483 555 4546 (cs.
570 4483 635 4533 Caes.
652 4483 683 4531 de
699 4483 766 4533 bello
779 4484 828 4533 civ.
842 4499 869 4541 rr,
887 4489 924 4542 11,
940 4487 954 4533 2
975 4497 1058 4548 cupas
1073 4487 1139 4536 lenda
1152 4501 1183 4536 nc
1197 4487 1255 4551 pice
1272 4489 1388 4553 refertas
1401 4490 1443 4540 in·

169 4555 306 4616 cendunt),
327 4555 436 4617 ideoque
449 4569 508 4602 oum
523 4554 653 4616 sulphure
668 4560 694 4601 et
707 4555 766 4617 pice
781 4565 899 4604 naturam
914 4554 1023 4603 similem
1042 4556 1128 4615 habet,
1142 4557 1237 4622 quippe
1251 4573 1309 4622 quae
1329 4559 1404 4608 facito
1419 4567 1446 4609 et

165 4626 226 4688 ipsa
246 4625 429 4675 inflammetur.
455 4625 569 4674 Kritzius
593 4640 625 4674 en
642 4625 748 4673 arbitrio
764 4632 860 4674 textum
872 4636 1045 4689 contorquens
1060 4629 1165 4692 scripsit
1179 4644 1185 4678 ε
1198 4634 1335 4692 pretereo
1350 4632 1408 4694 pice
1421 4636 1446 4684 et

166 4695 303 4759 scalptura
325 4698 420 4748 radam
440 4696 561 4748 antalam
577 4695 685 4747 ardenti
706 4697 819 4758 ntitlere,
841 4707 867 4746 et
884 4697 981 4750 tardam
997 4712 1045 4761 pro
1060 4699 1158 4753 missili
1178 4701 1323 4765 telosoct'le
1335 4701 1444 4767 inlam-

167 4767 268 4818 mando
280 4767 368 4817 habet.
