3534 5720
926 453 1125 512 —176-

382 597 520 675 Trador,
542 599 623 664 Hist.
646 620 667 679 t,
690 598 745 675 bl,
768 595 912 662 traditur
924 597 1047 685 sapam
1062 597 1097 662 iu
1119 596 1242 662 Oceani
1254 595 1433 683 lortpiuqua
1448 595 1643 682 copitauisse.

424 708 529 774 Verba
545 706 691 792 quaedam
713 685 767 770 aut
793 706 1050 790 impersonaliter
1072 724 1142 770 catu
1164 716 1299 768 accusat.
1324 717 1354 768 et
1375 703 1492 767 inlinit,
1515 713 1569 766 ant
1588 724 1645 786 per·

380 815 617 879 sonalitercum
637 813 836 894 ¹nominativo
853 813 945 897 jungi
971 823 1112 896 possunt.
1143 812 1401 896 impersonaliter
1422 809 1562 875 adhibita
1589 811 1646 874 bac

382 920 589 985 inveniuntur
604 919 688 1004 aput
705 919 894 984 Sallustium
913 941 923 981 :

422 1025 582 1104 Auditur,
601 1024 758 1110 participii
782 1025 909 1109 perlecti
934 1025 1046 1110 passivi
1063 1025 1179 1108 specie,
1199 1025 1336 1089 ablativo
1350 1045 1421 1088 aoso
1442 1023 1548 1108 positi,
1571 1023 1643 1087 Hist.

378 1155 409 1202 v.
430 1135 482 1207 li,
498 1145 533 1196 at
547 1131 715 1209 Lucullus,
734 1129 850 1196 audito
867 1133 905 1211 O.
923 1131 1087 1196 Marcium
1101 1133 1277 1217 Repem—
1291 1129 1325 1194 iu
1343 1129 1494 1195 Ciliciam
1512 1127 1643 1194 tendere

380 1239 535 1304 Similiter
554 1250 717 1326 conperto,
745 1239 822 1304 Hist.
846 1261 876 1315 r,
905 1241 956 1303 tt.
986 1275 1026 1286 -
1057 1235 1223 1314 Creditur,
1244 1238 1310 1302 Cat.
1341 1238 1393 1313 lb,
1424 1239 1457 1312 2,
1481 1248 1646 1325 postremo
1676 1313 1678 1320 y

379 1358 495 1435 captus
526 1344 703 1432 (Catilina)
735 1366 849 1409 amore
875 1343 1019 1409 Aureliae
1049 1342 1219 1420 Orestilla,
1248 1381 1292 1393 -
1318 1342 1434 1408 timeas
1458 1342 1646 1429 pricipaum

378 1451 495 1518 adulta
512 1462 619 1531 aetate,
639 1462 803 1539 procerte
823 1449 966 1516 creditur
981 1463 1094 1515 necato
1109 1449 1181 1538 pilio
1196 1471 1337 1514 caeream
1357 1437 1494 1513 domum
1513 1449 1647 1514 scelestis

377 1559 500 1647 nuptiis
515 1557 642 1647 fecisse,
660 1558 713 1622 ubi
736 1557 952 1642 supplendum
967 1577 1055 1635 eum,
1073 1568 1103 1620 ct
1123 1559 1298 1621 notandum
1315 1557 1529 1621 anacoluthon
1544 1581 1552 1635 3
1570 1558 1647 1642 quod

377 1685 450 1730 vero
480 1666 627 1729 nonnulli
648 1666 818 1729 voluerant
848 1664 1057 1748 personaliter
1073 1664 1122 1728 bic
1146 1663 1277 1728 verbum
1300 1661 1444 1727 creditur
1462 1675 1647 1748 usurpatum
1703 1705 1706 1715 ι

377 1792 456 1849 esse,
475 1791 577 1857 neque
594 1772 806 1836 anacoluthon
828 1772 940 1849 inesse,
960 1771 1032 1835 baie
1051 1771 1302 1853 interpretationi
1328 1771 1455 1833 obstant
1477 1771 1575 1836 verba
1589 1791 1646 1856 pra

377 1888 475 1959 θθνιο,ι
496 1899 567 1964 quae
593 1879 682 1943 nullo
711 1878 803 1942 modo
824 1878 861 1942 de
889 1897 1021 1962 persona
1050 1877 1109 1941 dici
1130 1887 1270 1962 possunt.
1295 1913 1335 1924 -
1356 1874 1496 1953 Dicitur,
1520 1877 1598 1940 Hist.
1625 1898 1645 1952 t,

380 1986 432 2064 tt,
454 1985 506 2050 uti
527 1983 643 2049 merita
663 1982 794 2048 dicatur
809 1984 934 2071 percitos
948 2004 1024 2057 esse,
1043 1983 1102 2070 qui
1119 2004 1224 2070 aeque
1243 1982 1309 2070 ips-i
1323 1981 1443 2046 babere
1451 1994 1647 2070 passeutres

378 2090 580 2178 familiares,
609 2111 714 2176 aeque
733 2090 816 2155 alias
829 2090 916 2176 pati.
945 2127 990 2138 —
1013 2088 1207 2162 Nuntiatur,
1229 2091 1297 2154 Cat.
1320 2090 1374 2167 35,
1397 2091 1428 2163 5,
1452 2088 1556 2176 plura
1579 2110 1647 2153 cum

380 2196 520 2263 scribere
535 2196 663 2277 vellera,
677 2197 869 2262 utentiatum
885 2208 932 2261 cst
946 2195 1012 2262 airu
1027 2195 1112 2261 milti
1121 2195 1243 2284 parari
1246 2217 1260 2278 ,·
1275 2197 1314 2260 cl.
1333 2199 1403 2281 lug.
1422 2197 1497 2271 tta,
1516 2198 1536 2260 5
1550 2221 1557 2274 ;
1576 2198 1644 2271 lllt,

379 2305 415 2382 33
435 2325 598 2390 nunquam
614 2324 687 2369 vero
705 2305 916 2388 personaliter
930 2314 1119 2388 usurpatum
1141 2324 1212 2368 cum
1237 2303 1392 2367 infinitivo
1421 2303 1505 2387 opud
1532 2303 1646 2368 Sallus-

379 2415 459 2475 tium
475 2424 533 2486 est,
554 2411 644 2496 cujus
665 2411 907 2476 constructionis
935 2431 1033 2495 petora
1055 2419 1176 2476 tantum
1194 2410 1301 2474 Livias
1323 2409 1417 2473 babet
1436 2411 1592 2494 enetnpla.
1611 2447 1646 2456 -

385 2515 530 2595 Videtur,
552 2519 621 2600 lug.
647 2517 703 2595 85,
723 2519 754 2594 ⁹2,
772 2515 829 2581 sed
841 2515 927 2581 milti
944 2527 1058 2581 corctra
1078 2538 1116 2580 ca
1131 2515 1284 2580 uidetur:
1306 2536 1385 2580 uam
1404 2535 1468 2600 quo
1485 2515 1593 2600 pluris
1607 2527 1648 2580 cst

378 2623 534 2688 univorsa
558 2643 609 2688 res
623 2621 763 2711 pitblica
783 2611 885 2709 paam
901 2621 1089 2688 coastdatus
1112 2634 1173 2686 aut
1187 2633 1349 2710 praetura,
1366 2642 1402 2685 eo
1427 2620 1556 2704 majore
1571 2643 1646 2686 eura

376 2727 470 2794 illam
486 2727 717 2822 administrari
728 2751 829 2816 quani
847 2730 915 2796 liae
931 2729 1002 2818 peti
1015 2727 1139 2794 debere.

978 2947 1055 3010 vtn.
1096 2911 1111 2942 “

774 3103 814 3156 lle
834 3101 1107 3173 interrogationibus
1127 3103 1259 3173 obliquis.

423 3265 456 3328 l⁰
479 3263 571 3348 Apud
593 3262 711 3346 priscos
732 3274 874 3327 auctores
891 3272 999 3328 notum
1016 3276 1060 3328 est
1082 3257 1287 3329 indicativum
1317 3265 1346 3328 in
1368 3265 1554 3340 enuntiatis,
1577 3285 1644 3348 qua

379 3369 662 3454 interrogationem
689 3369 875 3433 indirectam
896 3369 1026 3444 babent,
1045 3373 1190 3454 nsnrpari
1213 3375 1326 3448 sotere,
1347 3369 1424 3452 (uid.
1446 3371 1502 3435 Ed.
1522 3371 1643 3442 Becker,

377 3477 423 3539 De
437 3475 583 3563 Sputaai
606 3474 800 3562 iuterrapat.
833 3473 1044 3561 obliquorum
1069 3475 1298 3566 apudpriscas
1322 3477 1496 3565 scriptores
1520 3477 1642 3549 latinos.

377 3583 632 3668 Grppbisvaldae,
655 3583 766 3666 tute),
785 3583 869 3667 apud
889 3584 1058 3668 scriptores
1074 3603 1146 3648 vero
1163 3605 1267 3650 aureae
1282 3585 1384 3649 atatis
1398 3585 1642 3669 conjunctivam,

378 3689 578 3772 paucissimis
593 3689 747 3773 exemplis
762 3691 911 3774 exceptis,
931 3691 1034 3754 solum
1051 3690 1199 3754 inveniri.
1220 3691 1362 3755 Sallustii
1380 3691 1432 3776 qui
1456 3714 1474 3754 a
1487 3689 1644 3755 nonnullis

378 3797 528 3860 laudatur
555 3797 642 3859 locus
658 3794 726 3860 Cat.
749 3795 804 3870 5l,
827 3798 858 3875 lt,
881 3818 1005 3884 ntapua
1024 3795 1109 3862 milti
1132 3798 1226 3884 capia
1243 3808 1290 3861 est
1308 3797 1529 3878 memorandi,
1542 3809 1644 3886 patres

376 3901 561 3990 conscripti,
580 3900 640 3988 qui
660 3924 752 3990 repes
767 3914 866 3989 atque
881 3903 1001 3990 populi
1022 3903 1074 3968 ira
1090 3916 1150 3968 aut
1172 3902 1398 3969 misericordia
1414 3903 1540 3992 inpulsi
1563 3902 1643 3969 utalc

375 4009 616 4088 consuluerunt,
632 4029 668 4074 ex
684 4010 833 4076 Arusiani
851 4011 940 4073 blessi
957 4020 986 4072 et
1001 4010 1117 4094 codicis
1132 4011 1276 4077 Vaticani
1295 4011 1496 4096 aliorumque
1512 4009 1642 4076 auctori-

377 4125 452 4194 tate,
484 4135 686 4200 nequaquam
710 4125 815 4180 certus
842 4127 897 4180 est.
927 4117 1006 4180 Nam
1030 4129 1059 4180 et
1085 4118 1223 4184 Wirzins
1252 4118 1283 4180 in
1307 4119 1460 4184 Vaticano
1486 4123 1552 4204 ipso
1576 4116 1643 4200 legit

376 4219 610 4299 consuluerint
629 4232 658 4285 et
673 4222 783 4306 optimi
799 4223 919 4286 codices
933 4223 1075 4288 eamdem
1090 4224 1279 4308 scriptoram
1291 4225 1459 4303 exbibent;
1475 4245 1540 4290 rem
1553 4225 1643 4309 igitur
1659 4235 1662 4242 ’

277 4391 278 4395 ,
377 4327 408 4391 in
431 4327 533 4391 medio
550 4327 730 4411 relinquero
748 4328 848 4392 tutius
863 4327 998 4394 videtur.
1099 4401 1102 4406 ,

421 4434 455 4497 2⁰
478 4433 705 4517 iuterrogatio-a
729 4433 895 4498 enuntiata
916 4435 1110 4519 imperfecta,
1127 4457 1197 4520 quas
1215 4449 1283 4521 post
1305 4437 1453 4502 adverbia
1469 4449 1523 4502 aut
1539 4449 1641 4522 neutra

377 4539 607 4626 adjectivorum
635 4553 805 4606 occurrunt
829 4541 1069 4606 exclamationis
1093 4544 1209 4626 specie,
1236 4563 1271 4608 ac
1296 4546 1487 4610 conferenda
1502 4545 1641 4610 videntur

376 4666 448 4712 cum
462 4647 572 4734 grecis
597 4648 822 4725 locutionibus,
849 4657 1046 4726 ottaopaera
1063 4656 1133 4724 teat,
1149 4658 1284 4730 ὑπερφυῶς
1299 4659 1343 4721 ὡς,
1363 4653 1452 4715 nullo
1477 4652 1568 4716 modo
1589 4667 1638 4733 pt0

378 4752 574 4818 hellenismis
591 4753 736 4818 babendo
751 4765 824 4818 sunt
841 4774 935 4819 :nam
957 4775 1018 4820 non
1036 4755 1121 4839 apud
1138 4757 1322 4821 Ciceronem
1340 4768 1475 4836 tantum,
1492 4758 1545 4822 sed
1560 4752 1637 4840 apud
