3534 5720
653 369 849 427 -111-

112 515 235 587 differre
250 514 425 593 contendit,
444 524 548 592 tamen
564 514 645 578 banc
657 513 852 599 peculiarem
872 512 1096 600 vimdilecida
1114 533 1295 599 expressam
1313 536 1380 582 esse

112 608 158 687 bis
171 619 344 708 Juqurtbae
370 620 446 686 locis
465 639 558 685 nemo
583 619 712 703 negabit
735 641 742 683 :
764 619 819 698 at,
839 620 870 698 l,
888 617 974 685 idem
989 618 1041 685 illi
1053 619 1200 686 ministri
1217 621 1316 708 repis,
1335 622 1381 690 irt-

111 724 311 818 terpellanda
326 749 365 792 ae
380 748 466 816 saepe
483 725 606 814 pratia,
625 724 790 792 interdum
800 725 926 814 jurpiis
954 724 1114 792 trahenda
1131 739 1271 816 tempus,
1293 740 1381 796 atro·

111 815 237 900 citatem
255 832 342 922 sacti
365 831 546 924 leqiedaat;
571 833 627 913 29,
644 833 676 908 3,
702 830 939 920 166116966116
955 832 1106 920 primunr
1125 845 1256 901 raretum
1285 833 1381 905 neoda

113 940 187 1008 belli
198 923 339 1026 morani,
349 938 546 1018 radanciam
561 941 615 1018 31,
634 942 666 1020 1,
686 961 725 1005 ac
741 940 871 1012 caruerat
885 940 1076 1022 multituda,
1097 961 1170 1029 quce
1185 941 1219 1007 r're
1234 942 1384 1012 cautiora

112 1045 236 1127 aderat,
260 1047 468 1114 aebemeuter
491 1067 627 1113 accensa
657 1044 799 1120 terrebat
819 1067 894 1113 eunt
916 1046 1070 1127 clamore,
1099 1047 1203 1128 voltu,
1222 1070 1307 1136 saepe
1326 1049 1384 1114 im·

109 1165 185 1244 potu
199 1165 299 1246 atque
322 1151 565 1238 attis-amatote
584 1174 657 1241 quae
672 1152 724 1235 ira
735 1151 813 1240 pieri
828 1164 939 1234 ,amat
955 1153 1034 1221 uicit
1047 1165 1158 1222 tamea
1174 1153 1380 1243 inpudentia.
1411 1149 1416 1162 ’

113 1262 150 1327 At
164 1263 229 1328 Cat.
248 1249 304 1340 31,
322 1262 340 1346 7
358 1272 388 1340 et
402 1263 473 1346 lug.
492 1261 545 1338 10,
563 1261 583 1325 2
599 1259 816 1347 imperfectum
833 1282 851 1326 a
871 1261 1014 1347 -proprie
1025 1261 1059 1326 vi·
1074 1262 1159 1346 baud
1174 1263 1386 1338 multumab-

114 1389 177 1434 esse
191 1368 355 1433 latendum
370 1353 428 1433 est.
629 1445 631 1451 Α
673 1437 677 1444 ,
1361 1400 1364 1408 ¹

155 1475 190 1540 8⁰
212 1473 434 1562 Participium
443 1471 587 1562 perfecti
593 1471 720 1562 passivi
734 1473 910 1549 accusativo
923 1493 994 1540 cum
1009 1475 1113 1541 verbis
1128 1474 1258 1555 babere,
1273 1476 1387 1564 faeere

118 1582 232 1667 (prisca
253 1591 345 1646 aetate
362 1581 458 1646 etiam
475 1600 546 1647 cum
567 1577 658 1661 dare,
682 1577 828 1667 reddere)
842 1579 1042 1667 jungisolet,
1059 1592 1095 1648 ut
1107 1581 1304 1668 significetur
1318 1603 1388 1650 eam

117 1689 281 1764 actionem,
299 1709 370 1774 quae
386 1687 553 1774 participio
568 1687 661 1767 inest,
679 1688 770 1773 plene
783 1686 912 1772 quidem
928 1687 1106 1755 absolutam
1122 1709 1200 1769 esse,
1222 1689 1277 1756 sed
1292 1691 1389 1764 talem

118 1805 261 1862 eventum
286 1795 403 1861 babere
427 1795 482 1881 qui
511 1803 654 1880 respectu
677 1793 809 1880 subjecti
832 1793 937 1871 duret,
966 1814 1066 1881 quum
1096 1797 1271 1881 perlectum
1295 1796 1388 1862 activi

119 1900 334 1968 tantummodo
347 1920 424 1966 rem
445 1901 561 1966 factam
585 1899 775 1986 simpliciter
794 1900 956 1972 enunciat.
974 1901 1073 1988 Cujus
1087 1901 1390 1989 circumscriptionis

120 2009 180 2074 baec
194 2009 259 2074 lere
275 2008 420 2093 exempla
440 2007 566 2092 praebet
579 2007 712 2073 Noster:
736 2007 807 2092 lug.
822 2008 881 2097 10,
902 2007 932 2081 1,
947 2027 1052 2094 aeque
1067 2029 1106 2073 ea
1128 2030 1179 2074 res
1196 2007 1325 2097 salsum
1339 2029 1392 2075 me
1485 2089 1488 2096 Ι

120 2112 244 2195 labarit,
268 2115 298 2181 id
315 2123 361 2180 est
372 2110 496 2200 fefellit
506 2136 514 2191 ;
535 2114 562 2178 J.
581 2113 635 2190 85,
658 2113 690 2190 7,
704 2123 742 2191 ut
760 2133 870 2180 omnes
881 2110 1008 2178 labores
1025 2124 1057 2178 et
1069 2113 1222 2202 parietate
1237 2126 1392 2180 consueta

28 2303 29 2310 ἵ
122 2219 259 2287 babeam
272 2221 325 2308 (cl.
350 2221 425 2300 100,
444 2222 496 2303 5);
518 2231 549 2284 at
563 2219 729 2285 dissimilis
748 2230 794 2284 ost
809 2220 894 2284 locus
913 2218 981 2284 Cat.
1005 2221 1060 2297 33,
1078 2223 1110 2301 1,
1127 2219 1192 2286 tale
1203 2219 1391 2310 perieulum

122 2326 304 2418 reipublice
325 2324 420 2392 baud
441 2325 604 2414 occultum
625 2324 754 2403 babuit,
781 2326 834 2391 ubi
853 2324 971 2391 babuit
987 2327 1071 2396 idem
1086 2329 1172 2396 valet
1186 2329 1272 2413 quod
1290 2327 1395 2394 tenuit

125 2438 165 2500 rel
186 2434 342 2513 retinuit3
361 2435 414 2520 (cs.
433 2444 637 2524 compertum
652 2430 769 2514 liabeo,
787 2433 855 2498 Cat.
873 2433 927 2511 89,
949 2435 983 2510 1;
1001 2434 1055 2508 58,
1074 2435 1120 2517 l.)

163 2541 367 2608 Locutiouem
391 2537 472 2606 dare
492 2539 593 2610 victos
614 2559 670 2626 pro
690 2541 815 2605 vincere
840 2540 922 2626 (lug.
950 2539 1012 2618 59,
1023 2540 1055 2624 3)
1085 2541 1170 2628 apud
1196 2541 1394 2627 antiquiores

127 2648 290 2736 scriptores
308 2658 338 2714 et
367 2658 472 2732 poetas
497 2646 583 2712 baud
608 2665 714 2714 raram
741 2666 808 2722 esse
834 2647 879 2710 ait
906 2647 1066 2725 Krilzius3
1089 2667 1183 2735 quam
1205 2648 1394 2714 seutentiam

127 2776 226 2822 veram
247 2777 313 2821 esse
333 2755 400 2821 baec
420 2756 564 2840 exempla
590 2775 608 2819 a
634 2753 741 2819 Contio
764 2755 879 2819 collata
895 2755 1102 2838 comprobant
1120 2778 1127 2820 :
1145 2755 1215 2824 Ter.
1232 2756 1345 2821 Heaut.
1361 2777 1393 2834 v,

130 2865 155 2942 1,
171 2865 224 2936 77.Ι
243 2873 441 2934 exornatum
464 2859 567 2940 dab03
586 2859 663 2926 ibid.
683 2861 737 2940 78,
755 2857 837 2925 adeo
858 2857 1021 2950 depascunt
1045 2859 1148 2941 dab03
1166 2862 1294 2928 Pborm.
1313 2883 1343 2942 u,
1361 2863 1394 2939 8,

128 2970 176 3049 81,
196 2969 363 3035 incensam
386 2967 491 3048 dab03
510 2970 614 3035 Plaut.
633 2968 711 3033 Cist.
732 2990 766 3044 u,
795 2969 828 3046 2,
845 2967 900 3047 b'l,
918 2966 1106 3056 perfectum
1127 2965 1230 3050 dabo;
1247 2971 1334 3036 Pers.
1352 2991 1394 3046 ιν,

131 3079 157 3155 1,
179 3077 231 3156 19,
248 3075 440 3142 intricatum
461 3072 566 3155 dab03
589 3075 706 3160 quibus
724 3073 797 3158 addi
818 3071 919 3159 pote'st
934 3075 1029 3160 Verg.
1049 3074 1120 3140 AEn.
1142 3095 1199 3153 xri,
1223 3075 1304 3152 137;
1320 3077 1394 3142 Seu.

131 3182 203 3249 bled.
221 3184 301 3263 52&
316 3183 383 3248 Liv.
405 3181 579 3260 v111,6,o;
600 3201 655 3259 uu,
678 3180 732 3258 33,
751 3181 804 3272 ll.
1306 3210 1310 3218 ·

169 3291 202 3355 9⁰
224 3291 341 3355 Furem
372 3309 427 3375 pro
454 3308 555 3353 essem
583 3286 895 3374 plusquamperfecto
924 3287 1116 3372 conjunctivi
1143 3288 1220 3354 satis
1253 3309 1334 3375 saepe
1367 3291 1396 3354 vi

134 3397 232 3462 eadem
242 3396 327 3483 apud
340 3395 529 3462 Sallustium
542 3395 658 3478 legitur
672 3415 679 3459 :
691 3394 762 3480 Jug.
781 3393 835 3471 30,
853 3395 884 3471 1,
897 3404 1077 3482 postquam
1087 3414 1142 3460 res.
1152 3393 1186 3460 in
1199 3395 1225 3460 A
1229 3395 1319 3482 frica
1332 3417 1399 3483 pes-

136 3513 178 3567 tas
192 3523 318 3592 quoque
333 3500 430 3568 modo
446 3512 527 3567 actae
537 3500 652 3588 forent
662 3500 760 3588 sarna
775 3497 978 3588 diuolqavit;
994 3501 1061 3568 Cat.
1082 3502 1135 3578 lt,
1154 3502 1185 3580 7,
1201 3499 1260 3568 sed
1271 3523 1312 3568 ea
1324 3500 1400 3568 aliis

38 3663 39 3690 3
135 3608 220 3675 redies
238 3609 359 3698 acopis,
375 3630 478 3697 quam
504 3605 595 3695 quod
621 3607 778 3694 cuiquam
802 3603 840 3671 id
870 3618 1073 3696 compertum
1094 3607 1195 3695 soret,
1215 3606 1286 3674 ¹lzaee
1301 3609 1400 3697 sama

38 3721 39 3726 ’
136 3714 272 3795 calebat;
294 3728 354 3782 etc.
380 3751 425 3765 -
450 3713 674 3800 Saepiusnero
689 3733 761 3780 cum
778 3712 892 3801 futuri
910 3714 1038 3780 notione
1064 3713 1205 3800 quadam
1227 3726 1402 3803 usurpatur

139 3820 224 3888 lorma
238 3822 362 3911 forem,
380 3822 444 3887 sive
460 3823 540 3899 sola,
559 3811 717 3907 proverbi
735 3839 802 3885 esse
821 3820 1005 3906 imperfecto
1020 3821 1228 3908 subjunctivi,
1245 3823 1311 3888 sive
1329 3844 1400 3889 cum

40 3993 41 4012 ,
140 3929 295 4017 participio
310 3927 453 4016 perlecti,
476 3949 532 4013 pro
555 3927 866 4014 plusquamperfecto
888 3927 1080 4013 subjunctivi
1104 3929 1221 4014 passivi
1238 3930 1287 3996 vel
1303 3930 1401 4017 depo-

41 4107 42 4118 *
140 4035 231 4102 uentis
245 4036 346 4114 uerbi,
361 4036 485 4122 juncta,
503 4033 588 4120 quod
604 4052 679 4099 sane
695 4032 768 4098 inde
785 4033 821 4099 fit
842 4033 926 4120 quod
940 4033 1049 4121 sarem
1069 4055 1106 4101 ex
1126 4037 1234 4102 futuro
1250 4035 1400 4102 inlinitivi

140 4139 205 4225 sore
217 4144 330 4223 oritur,
353 4141 486 4228 ideoque
503 4141 678 4227 praesertim
695 4140 732 4228 iu
750 4138 1020 4208 conditionalibus
1040 4142 1218 4208 enunciatis
1234 4142 1402 4210 adhibetur

143 4248 219 4315 aede
237 4271 268 4316 re
293 4251 402 4315 sutura
421 4270 439 4313 a
461 4246 644 4314 conditione
670 4247 810 4333 quadam
830 4268 984 4333 suspensa
1006 4247 1136 4326 dicitur,
1158 4259 1194 4315 ut
1208 4249 1277 4316 Cat.
1295 4251 1350 4329 20,
1368 4253 1400 4328 Ξ,

70 4343 73 4350 ’
144 4351 182 4419 Ni
204 4358 303 4424 uirtus
322 4353 469 4446 fidesque
490 4365 600 4420 costra
625 4364 771 4440 spectata
792 4352 880 4424 mlta·
889 4353 1018 4438 foreut3
1035 4356 1106 4440 lug.
1128 4355 1183 4435 31,
1204 4357 1258 4435 16,
1273 4355 1365 4444 quod
1376 4357 1407 4424 si

146 4471 205 4527 tam
215 4487 267 4530 aas
278 4461 439 4530 libertatis
453 4483 569 4527 curam
584 4459 748 4526 haberetis
762 4481 866 4549 quant
881 4459 933 4526 illi
945 4461 992 4526 ad
1004 4459 1263 4528 dominationem
1279 4464 1407 4531 accensi

146 4559 387 4660 suntjprosecto
406 4589 511 4656 neque
533 4565 732 4657 respublica,
757 4566 856 4659 sicuti
871 4588 971 4646 ureae,
984 4578 1193 4647 ,vastaretur
1210 4580 1242 4634 et
1254 4567 1405 4659 benificia

148 4687 242 4742 vostra
253 4699 353 4766 penes
375 4686 537 4764 optumos,
565 4696 630 4738 uou
655 4671 904 4744 audacissumos
921 4675 1049 4766 fororem
1065 4673 1118 4759 (ci.
1136 4676 1204 4742 Cat.
1227 4677 1278 4752 18,
1292 4677 1330 4756 8;
1348 4677 1403 4754 37,

1233 4785 1264 4834 ltt
