3534 5720
903 427 1098 488 -492-

361 573 426 640 tale
441 574 576 661 [acinus
587 573 725 662 faceret,
743 570 963 662 properabam
987 572 1103 640 incerte
1117 572 1349 658 significatione
1365 585 1495 660 propter
1514 574 1627 660 imper-

360 682 474 747 fectam
490 681 669 768 periodum,
686 681 766 746 Hist.
791 679 852 745 inc.
872 700 895 759 r,
911 679 967 746 65.

403 790 441 855 F.
465 783 511 838 -'-
532 790 648 867 Donec,
672 787 757 873 quod
773 787 859 871 apud
877 786 1096 852 Tacitumi38
1119 786 1195 852 locis
1215 795 1359 852 notatum
1384 801 1431 854 est
1455 789 1627 875 (Dranger),

359 895 445 980 apud
465 894 665 970 Sallustium,
684 903 718 958 ut
734 892 819 976 apud
834 895 1004 972 Censorem,
1026 894 1122 978 plane
1141 892 1245 971 deest;
1262 903 1402 960 ceterum
1423 895 1486 960 trie
1511 904 1628 962 tentum

357 1003 502 1087 exempla
523 1000 606 1086 apud
621 1001 806 1066 Ciceronem
819 999 1039 1064 inveniuntur.

400 1109 438 1176 G.
461 1143 507 1158 -
528 1110 634 1188 Quoia
653 1106 730 1171 satis
745 1125 816 1172 raro
837 1105 923 1190 apud
937 1117 1080 1172 nostrum
1098 1107 1285 1191 scriptorem
1309 1108 1487 1188 invenitur3
1504 1109 1626 1174 duobus

356 1227 479 1281 tentum
496 1215 570 1280 locis
584 1212 1071 1299 55555554455155155455ε453.
1085 1215 1140 1290 44,
1157 1215 1190 1290 9,
1207 1234 1280 1280 cum
1297 1215 1433 1298 perfecto
1446 1214 1626 1290 indicativi;

354 1323 425 1406 Jug.
449 1321 524 1399 440,
543 1322 575 1400 4,
592 1339 664 1386 curn
684 1321 791 1386 futuro
809 1320 868 1406 (z
880 1317 1070 1406 quamdiu).
1089 1322 1187 1386 Locus
1201 1320 1318 1388 datius
1331 1332 1377 1386 est
1395 1323 1411 1386 4
1417 1342 1468 1407 ug·
1495 1323 1573 1400 440,
1595 1323 1625 1399 7,

356 1428 410 1495 545
429 1427 587 1494 Jordanus
606 1423 697 1514 quod
709 1426 837 1511 scripsit
853 1427 875 1490 ¹.
1451 1509 1454 1520 1

399 1534 964 1608 H.-Aurnounuetrn1usouiu.
991 1569 1033 1580 -
1058 1533 1111 1600 Hae
1144 1531 1207 1598 duo
1229 1533 1395 1618 particulae
1418 1534 1546 1600 easdem
1579 1555 1628 1600 re-

354 1643 446 1726 gulas
461 1649 656 1725 sequuntur;
675 1639 849 1704 notandum
863 1649 968 1704 tamen
988 1651 1035 1704 est
1053 1639 1156 1705 multo
1172 1641 1277 1705 rarius
1291 1661 1309 1705 5
1322 1641 1435 1706 Nostro
1450 1651 1627 1728 autequam
1644 1696 1646 1702 .

355 1757 544 1832 usurpatum
560 1746 656 1812 fuisse
673 1765 770 1830 quam
785 1744 1000 1833 priusquam,
1017 1746 1102 1830 quod
1125 1746 1157 1810 in
1181 1746 1278 1811 veteri
1303 1767 1447 1812 sermone
1469 1749 1626 1833 etiamque

355 1855 441 1941 apud
457 1853 582 1919 Livium
593 1851 752 1937 reperitur
771 1853 872 1917 multo
887 1852 1020 1935 saepius3
1040 1861 1089 1917 ter
1101 1860 1224 1917 tantum
1241 1853 1331 1918 iliam
1343 1853 1449 1919 inveni
1464 1855 1553 1940 :Jng.
1571 1854 1626 1932 97,

356 1964 387 2038 4,
411 1960 562 2045 (perfecto
580 1959 743 2038 historice,
760 1977 832 2022 cum
847 1959 1047 2045 priusquam
1064 1957 1192 2044 mixta),
1213 1969 1245 2023 ct
1264 1959 1451 2045 priusquam
1466 1959 1625 2025 caeraitus

355 2076 416 2132 aut
430 2064 551 2131 instrui
563 2075 625 2130 aut
638 2063 787 2130 sarcinas
798 2062 962 2150 collipere,
978 2060 1118 2151 denique
1130 2077 1300 2152 antequam
1314 2065 1446 2153 sipnum
1455 2077 1518 2132 aut
1530 2066 1623 2154 impe·

354 2172 443 2238 rium
457 2171 564 2237 ullum
582 2171 859 2260 acencereqnivim
877 2172 956 2236 Hist.
970 2191 993 2248 1,
1016 2173 1070 2248 45,
1087 2173 1131 2237 20
1143 2173 1245 2254 (locos
1267 2172 1465 2258 desperatus)
1486 2184 1518 2238 et
1543 2174 1619 2239 Hist.

355 2302 390 2358 u,
407 2280 462 2356 33,
480 2280 534 2346 ubi
550 2280 684 2346 verbum
699 2278 806 2346 deesse
823 2277 961 2342 videtur.

399 2387 489 2467 Quod
509 2386 549 2452 ad
561 2384 760 2473 priusquam
776 2385 923 2468 pertinet,
945 2404 1017 2450 cum
1032 2405 1069 2450 ea
1091 2387 1247 2470 particula
1263 2386 1364 2470 juncti
1382 2396 1412 2450 et
1426 2382 1624 2450 indicativus

355 2505 385 2559 et
397 2491 625 2581 conjunctivus
639 2503 821 2566 occurrunt,
838 2491 891 2556 sed
907 2492 1060 2576 primaria
1079 2502 1201 2558 tantum
1216 2489 1388 2558 indicativi
1404 2503 1546 2576 tempora
1562 2494 1622 2558 nsi-

356 2611 421 2666 4545
437 2609 521 2678 sunt,
547 2587 695 2683 ut'apud
722 2599 913 2683 plerosque:
943 2600 976 2664 4⁰
1000 2617 1136 2683 praesens
1160 2599 1344 2664 historicum
1361 2619 1433 2664 cum
1460 2599 1567 2665 futuro
1593 2599 1621 2663 iu

356 2706 499 2792 epodosi,
514 2707 586 2790 Jug.
604 2707 637 2782 5,
665 2705 696 2783 3,
712 2703 771 2770 sed
784 2703 983 2792 priusquam
1001 2702 1231 2792 hujuscemodi
1247 2703 1297 2769 rei
1319 2703 1452 2776 initium
1476 2705 1620 2791 expedio,

352 2835 463 2901 pauca
480 2834 584 2901 supra
602 2823 749 2900 repetam
771 2813 826 2896 (54·
849 2812 918 2876 Cat.
942 2813 975 2888 4,
1000 2813 1032 2889 5,
1053 2812 1104 2876 ubi
1123 2811 1343 2896 conjunctivus
1365 2811 1550 2896 adhibetur)
1566 2835 1574 2891 ;
1591 2813 1623 2876 2⁰

357 2922 455 2986 multo
471 2920 586 3005 saepius
610 2917 782 3004 perfectum
803 2918 999 2990 historicum,
1015 2929 1050 2984 ut
1064 2920 1133 2984 Cet.
1151 2919 1206 2994 54,
1224 2918 1278 2997 34,
1306 2937 1410 3004 neque
1426 2917 1524 3006 prius
1547 2917 1624 3006 [iuis

322 3065 325 3075 ·
349 3024 534 3113 jupulana'i
544 3027 614 3112 suit
627 3045 729 3112 quam
747 3022 844 3090 Sulla
869 3022 975 3088 omnis
995 3045 1071 3090 suos
1094 3021 1216 3090 divitiis
1239 3022 1398 3111 explevit3
1414 3027 1485 3110 lug.
1509 3024 1562 3103 35,
1579 3025 1621 3104 83

355 3134 409 3206 97,
427 3136 464 3212 4;
479 3133 559 3198 Hist.
578 3155 625 3211 ru,
639 3133 695 3211 82,
713 3131 745 3196 8.
761 3131 873 3196 Futuri
890 3132 996 3215 primi,
1015 3131 1243 3217 quodquidam
1261 3132 1397 3217 priscum
1415 3143 1473 3210 est,
1496 3134 1620 3198 nullum

355 3242 536 3325 exemptum
556 3259 622 3304 esse
641 3238 779 3310 videtur,
801 3237 862 3302 nisi
891 3238 969 3303 sorte
995 3238 1135 3304 futurum
1160 3238 1318 3304 existimes
1343 3259 1409 3304 esse
1430 3239 1500 3304 Cat.
1528 3240 1560 3317 4,
1589 3240 1620 3316 5,

354 3355 483 3432 propter
498 3346 563 3412 uim
584 3345 683 3411 futuri
697 3365 769 3430 queo
786 3345 818 3408 in
838 3343 989 3430 primerio
1008 3345 1177 3435 enunciato
1194 3345 1289 3410 insit:
1310 3342 1350 3409 de
1369 3343 1466 3432 cajus
1479 3343 1620 3410 hominis

354 3451 501 3519 moribus
511 3473 624 3540 pauca
634 3449 729 3541 prius
738 3451 939 3536 explananda
954 3460 1040 3528 sunt,
1056 3470 1158 3537 quam
1168 3449 1300 3516 initium
1315 3449 1481 3516 narrandi
1492 3452 1620 3530 iaciam;

354 3559 437 3646 quod
453 3558 583 3644 quidem
596 3578 672 3624 sene
691 3559 850 3624 affirmare
866 3577 928 3623 non
943 3559 1089 3624 audeam.
1619 3553 1623 3564 ’

401 3654 638 3752 Conjunativus
648 3663 832 3730 adhibetur:
851 3667 883 3730 4⁰
896 3665 926 3729 iu
939 3664 1082 3730 oratione
1095 3664 1263 3742 indirecta,
1279 3664 1473 3749 imperfecto,
1486 3666 1555 3731 Cet.
1569 3665 1619 3742 32,

355 3775 370 3838 4
383 3797 391 3852 ;
407 3772 596 3855 44,3;Jug.
610 3772 664 3850 25,
682 3771 891 3850 40;ltisi.1n,
910 3772 963 3847 77,
983 3772 1041 3848 44;
1054 3807 1099 3820 -
1112 3771 1260 3855 perfecto,
1272 3773 1344 3857 Jug.
1359 3773 1391 3849 4,
1404 3772 1437 3851 5,
1448 3771 1572 3838 scilieet
1583 3809 1620 3820 -

353 3901 427 3946 eam
446 3878 623 3967 stammam
643 3877 781 3964 apropiis
804 3875 882 3942 uiris
906 3876 941 3942 in
957 3888 1088 3964 pectore
1108 3897 1259 3958 creseere,
1280 3897 1385 3964 neque
1396 3877 1498 3966 prius
1516 3875 1623 3945 sedari

353 4007 456 4075 quam
470 3983 574 4051 uirtus
585 4005 699 4050 eorum
706 3985 839 4072 samam
854 3999 953 4071 atque
962 3982 1105 4072 pluriam
1117 3981 1362 4072 adaequaverim
1378 4021 1423 4034 —·
1443 3987 1621 4072 piusquam·

355 4093 582 4188 pertentatug.
597 4093 650 4166 44,
659 4092 692 4166 3,
701 4089 815 4158 statuit
821 4101 930 4156 tamen
938 4089 1088 4158 Metellus
1097 4112 1217 4156 -non
1225 4091 1323 4180 prius
1330 4089 1450 4158 ballum
1461 4093 1620 4182 attinperc

353 4219 456 4286 quam
479 4197 648 4286 majorum
674 4196 849 4286 disciplina
872 4196 992 4266 milites
1016 4196 1169 4264 laborare
1195 4199 1362 4287 coepissem
1385 4201 1419 4266 2⁰
1442 4201 1567 4285 quoties
1592 4201 1618 4264 in

272 4325 277 4339 ·
353 4305 553 4372 enuncianda
569 4307 649 4371 iacto
669 4305 778 4390 aliquo
798 4305 945 4390 cogitatio
961 4314 1016 4370 aut
1029 4305 1200 4372 consilium
1216 4305 1411 4386 intercurrit,
1431 4305 1475 4371 ita
1492 4305 1618 4374 utillud

383 4502 406 4548 t.
423 4497 544 4546 Notande
554 4501 594 4545 est
607 4495 683 4560 hujus
696 4494 787 4545 incerti
801 4494 852 4545 loci
871 4494 998 4545 eorrectio
1013 4510 1029 4544 a
1043 4495 1199 4544 Grueudelio
1212 4495 1309 4545 allatu:
1324 4509 1356 4546 ac
1369 4496 1512 4561 utquisque
1524 4495 1618 4547 hostem

351 4567 446 4632 scrire,
461 4581 567 4619 murum
582 4567 742 4618 adscendere
755 4568 924 4632 properabat,
936 4567 1134 4632 consputatam
1148 4566 1437 4632 talasaciausfaeeret.
1454 4568 1615 4624 cordicitus,

351 4654 410 4690 enm
425 4641 526 4690 bouum
540 4638 644 4703 somam
667 4651 849 4703 macnamquc
863 4639 1023 4690 aviditatem
1042 4639 1183 4702 putabant,
1197 4653 1249 4702 qua
1263 4639 1379 4702 conspici
1401 4653 1450 4687 nou
1469 4637 1502 4688 ad
1517 4639 1618 4687 verbum

291 4727 292 4730 ¹
349 4711 525 4776 properabat,
539 4709 584 4758 sed
598 4708 631 4758 ad
646 4723 757 4772 sequens
768 4709 934 4758 enunciatum
948 4710 1077 4758 retertur:
1094 4708 1232 4774 ingeniosa
1244 4709 1347 4772 quidem
1362 4714 1387 4758 et
1402 4709 1466 4758 satis
1480 4707 1617 4774 probabilis

352 4783 501 4844 conjectura
515 4795 530 4828 e
544 4779 623 4829 variis
636 4779 754 4830 codicum
769 4779 922 4830 lectionibus
936 4785 1020 4830 eruta.
