3666 5724
751 451 924 534 -saf-

200 597 436 683 conjunctione,
457 598 542 684 quod
559 599 625 666 vim
637 600 724 665 verbi
741 610 805 666 tam
821 600 965 666 amisisse
988 619 1084 686 quam
1102 618 1241 664 servasse
1257 618 1332 664 sane
1349 599 1465 683 potnit.

247 705 281 766 5⁰
309 703 433 789 Saepius
452 704 589 790 denique
614 706 786 771 Sallustius
820 726 991 790 pronomen
1018 706 1186 770 relativum
1209 704 1247 770 ad
1264 724 1473 789 praegressum

202 829 377 894 pronomen
394 812 603 896 possessivum
623 813 730 891 refert,
748 812 792 877 ita
812 821 847 877 ut
861 832 932 879 oum
950 814 1137 902 pronomine
1154 831 1308 896 personae,
1330 810 1415 896 qnod
1442 811 1472 874 in

203 917 378 1000 possessivo
396 921 483 997 latet,
507 937 620 1002 genere
633 929 663 984 et
686 939 817 984 numero
840 928 992 1003 congruat
1011 941 1018 984 :
1037 919 1105 984 Cat.
1124 919 1179 996 33,
1203 919 1234 993 l,
1254 914 1313 982 sed
1332 915 1384 982 nti
1401 937 1473 981 eor·
1537 993 1538 998 ἵ

198 1043 288 1110 pora
303 1033 411 1088 nostra
425 1021 467 1088 ab
483 1023 611 1110 injuria
626 1025 830 1112 terrefaceret,
843 1025 896 1111 qui
914 1008 1037 1103 miseri,
1052 1035 1190 1110 epactes,
1203 1021 1361 1088 violentia
1375 1033 1474 1108 atque

199 1127 396 1195 crudelitate
411 1129 653 1216 feneratorum,
671 1130 823 1219 plerique
834 1130 966 1218 patriae,
982 1129 1040 1196 secl
1053 1151 1163 1195 omnes
1176 1130 1273 1217 soma
1288 1140 1387 1214 atque
1399 1131 1474 1216 sor·-

200 1236 289 1300 tunr's
312 1248 460 1326 expertes
481 1258 611 1315 sumus;
632 1239 704 1325 lug.
729 1239 785 1317 85,
812 1239 866 1315 28,
890 1249 995 1304 vostra
1019 1235 1156 1302 consilio
1184 1247 1393 1312 accusantur,
1418 1235 1474 1319 qui

199 1339 287 1405 milui
303 1363 471 1408 summum
501 1342 656 1408 horrorem
681 1333 929 1408 et'rrracaumnm
952 1343 1121 1431 neopolitano
1148 1342 1343 1427 inposuistis.
1374 1341 1474 1406 Bacls·

203 1447 376 1514 tnehnerus
391 1450 511 1515 confert
526 1450 590 1515 Cic.
609 1450 648 1514 ad
661 1451 761 1515 lamil.
776 1451 809 1530 2,
824 1452 877 1528 ll,
891 1461 995 1515 totum
1010 1449 1178 1538 rreqotium
1193 1469 1259 1512 non
1277 1459 1323 1512 est
1336 1445 1474 1534 clipeum

199 1551 328 1619 viribus
348 1557 476 1632 nostris,
496 1556 550 1640 qui
569 1557 701 1641 possim3
721 1577 776 1641 pro
793 1558 895 1635 Sulla,
913 1558 972 1635 293
987 1557 1018 1620 in
1034 1558 1106 1622 Vel.
1123 1557 1180 1635 tm
1196 1557 1269 1620 Tac.
1282 1555 1355 1620 hist.
1374 1575 1397 1632 1,
1412 1553 1473 1630 38;

200 1661 327 1725 Terent.
346 1660 481 1746 Adelph.
500 1685 530 1742 v,
552 1664 585 1742 d,
602 1664 656 1742 27,
673 1683 711 1728 ex
729 1663 878 1728 Ruddim.
900 1663 1001 1728 lnstit.
1019 1684 1054 1741 n,
1078 1683 1108 1748 p.
1128 1663 1192 1728 388
1208 1661 1472 1748 petitaexempln‚

206 1767 263 1852 qui
280 1768 361 1834 hano
381 1777 573 1835 structuram
589 1771 715 1856 synesin
732 1770 920 1854 implicitam
938 1780 1041 1836 vocat.

812 1931 866 1996 VI.

399 2071 561 2123 Pronomen
575 2071 610 2124 ad
624 2074 717 2124 toturn
732 2087 922 2142 praegressum
938 2071 1119 2126 enuntiatum
1134 2075 1275 2142 spectans.

246 2195 321 2259 Haec
348 2195 386 2260 de
419 2197 651 2262 constructione
675 2195 721 2261 od
749 2218 880 2262 sensum
902 2208 957 2273 aut
976 2219 1041 2286 per
1064 2197 1207 2284 synesim
1235 2197 1370 2262 dicenda
1407 2196 1476 2261 visa

202 2311 294 2378 sunt3
308 2301 465 2386 jamvero
483 2323 584 2387 pauca
596 2305 740 2388 exempla
758 2305 927 2368 afferamus
947 2305 1064 2391 quibus
1081 2324 1253 2389 pronomen
1271 2306 1418 2388 (uterque
1431 2339 1476 2352 -

202 2409 298 2490 alter)
313 2408 458 2474 neutrius
472 2411 596 2491 generis
616 2410 770 2493 singulari
787 2431 919 2477 numero
934 2413 1072 2497 positum
1091 2412 1144 2489 sit,
1161 2431 1224 2475 non
1240 2411 1338 2497 quod,
1355 2421 1390 2475 ut
1407 2411 1475 2474 vult

96 2497 104 2511 ’
199 2513 433 2594 Badstuebner,
456 2516 495 2580 ad
520 2515 582 2580 duo
602 2517 801 2582 substantiva
829 2517 945 2582 diversi
966 2518 1090 2603 generis
1112 2537 1283 2601 pronomen
1306 2517 1473 2594 reseratur,

201 2619 258 2684 sed
278 2621 355 2704 quia
372 2621 412 2685 ad
426 2623 610 2688 universum
631 2643 756 2688 sensum
780 2625 942 2710 praegressi
960 2625 1117 2690 enuntiati
1136 2635 1275 2709 spectat:
1296 2624 1363 2690 Cat.
1383 2625 1414 2702 l,
1440 2623 1473 2700 Ξ),

199 2723 261 2792 sed
283 2738 395 2791 nostro
421 2727 527 2793 omnis
547 2729 595 2793 vis
615 2729 648 2793 a‘n
668 2729 779 2794 animo
795 2742 827 2795 et
845 2751 979 2818 corpore
1002 2731 1066 2795 sile
1088 2743 1162 2796 cst:
1186 2729 1294 2796 animi
1320 2729 1473 2818 imperim

200 2831 350 2920 eorporis
361 2833 492 2898 servitio
513 2834 619 2922 maqis
637 2835 784 2910 altimum
807 2837 948 2902 alterum
965 2840 1019 2919 (so.
1036 2838 1133 2902 animi
1154 2837 1288 2924 imperio
1303 2838 1363 2921 uti)
1382 2835 1476 2902 nobis

201 2960 280 3004 cram
289 2936 350 3017 dis,
362 2938 502 3005 alterum
513 2943 715 3028 (socorporis
725 2944 856 3008 servitio
869 2944 930 3027 uti)
942 2965 1017 3008 curn
1026 2941 1142 3008 belluis
1153 2964 1324 3008 eommrrne
1333 2947 1394 3020 est3
1406 2944 1473 3010 Cat.

203 3047 237 3124 l,
260 3046 292 3122 6,
311 3068 390 3110 nam
405 3058 437 3111 et
445 3047 649 3136 priusquam
669 3047 809 3136 incipias
828 3048 986 3129 consultu,
1009 3060 1042 3114 et
1057 3048 1117 3116 rabi
1132 3048 1333 3115 consavluerr's
1347 3060 1477 3114 mature

154 3213 159 3218 ,
199 3153 295 3240 sueto
312 3173 392 3240 opvrs
413 3165 470 3244 θεῖ,
492 3156 545 3218 Ita
566 3165 743 3242 utrumque
761 3156 808 3238 (id
828 3167 874 3221 est
893 3158 1059 3246 consulere
1075 3195 1117 3205 -
1134 3157 1478 3241 postconsultationem

200 3271 328 3324 mature
345 3259 497 3344 incipere)
505 3281 566 3348 per
581 3282 614 3325 se
629 3259 778 3348 indipens
794 3261 930 3328 alterius
941 3263 1069 3328 otacilio
1086 3274 1172 3350 epot3
1189 3264 1204 3328 J
1210 3284 1261 3348 ng.
1279 3265 1312 3342 7,
1326 3265 1358 3340 5,
1376 3284 1415 3328 oc
1428 3283 1478 3326 su·
1523 3288 1525 3292 ·

201 3387 257 3442 rie,
274 3363 364 3451 qnod
376 3363 627 3452 difficillumum
644 3367 880 3456 laminensem,
899 3381 929 3434 el
940 3369 1059 3457 praelio
1072 3382 1224 3434 strenuus
1241 3381 1314 3434 erat
1328 3382 1359 3434 el
1375 3369 1477 3434 bonnis

200 3469 348 3552 animilia,
366 3493 503 3558 quorum
519 3475 655 3539 alterum
674 3495 714 3538 ee
743 3474 954 3563 providentia
969 3477 1131 3552 timorem,
1150 3480 1284 3542 alterurn
1306 3497 1347 3541 eo:
1367 3474 1474 3541 nardu-

204 3577 259 3642 οἱα
275 3578 488 3644 temeritatem
507 3577 640 3668 adferre
648 3579 846 3668 plerumque
860 3581 950 3648 solet.

806 3741 873 3806 Vll.

460 3881 499 3934 lle
516 3881 656 3935 adverbiis
671 3897 722 3952 pro
737 3881 929 3951 praedicativis
947 3883 1095 3954 adjectivis
1108 3883 1216 3954 positis.

249 4014 445 4082 adverbium
473 4037 544 4082 eum
568 4018 663 4083 verbo
684 4037 749 4083 esse
769 4018 928 4104 junctum,
956 4037 991 4084 ac
1015 4019 1113 4084 vicem
1146 4019 1307 4102 praedicati
1330 4011 1475 4106 adjectivi

203 4122 369 4206 supplens,
398 4123 514 4208 sepius
530 4125 614 4209 apud
632 4145 739 4190 omnes
763 4128 932 4209 scriptores
948 4126 1075 4203 latinos,
1101 4127 1273 4208 saepissime
1298 4145 1372 4191 vero
1393 4125 1478 4208 apud

204 4229 395 4296 Sallustium
421 4231 594 4310 invenitur,
621 4231 653 4297 in
678 4252 738 4316 qua
760 4243 933 4310 structura,
956 4219 1117 4298 ‘vitrerhls
1136 4231 1188 4298 W.
1206 4233 1349 4298 Muelleri
1368 4231 1476 4310 1utar,

204 4337 336 4416 verbum
356 4358 500 4402 essenon
516 4339 619 4404 solum
643 4339 706 4402 vim
734 4338 947 4422 copulativam
974 4339 1079 4413 habet,
1102 4339 1155 4404 sed
1177 4358 1274 4424 prope
1295 4337 1334 4402 ad
1360 4337 1477 4423 signifi·

202 4442 362 4508 sationem
381 4445 551 4510 verborum
574 4473 585 4506 a
607 4445 727 4523 adesse,
745 4445 935 4510 solabere»
955 4446 1086 4511 accedit.

252 4552 285 4615 l⁰
297 4551 459 4615 Nonnulla
471 4571 543 4617 vero
554 4551 703 4616 adverbia
716 4553 812 4636 paulo
824 4552 1010 4618 insolentius
1022 4551 1151 4617 adhibet
1163 4552 1220 4616 hac
1230 4551 1476 4629 constructione,

204 4656 341 4742 scriptor
376 4668 492 4738 noster,
521 4658 696 4742 praesertim
719 4657 861 4744 frustra,
889 4658 974 4743 qnod
1003 4679 1169 4745 nunquam
1198 4678 1268 4724 cum
1293 4660 1388 4724 verbo
1413 4679 1479 4722 esse

239 4791 261 4836 l.
278 4786 320 4834 W.
334 4786 452 4836 Mueller.
467 4788 595 4851 Philolog.
611 4787 659 4836 vol.
674 4789 700 4848 9,
713 4803 771 4852 pag.
786 4793 830 4840 ott
842 4804 898 4852 ειη,
