3666 5724
899 461 1075 526 ..58-

349 610 409 676 Od.
431 611 463 683 3,
487 611 541 690 16,
563 611 614 694 7),
640 609 770 676 tutioris
795 608 961 676 audentiae
986 612 1111 696 (Quint.
1141 611 1218 676 lust.
1251 611 1292 676 12
1320 611 1483 695 prorem),
1511 621 1625 676 tutam

349 737 442 782 mare
464 718 541 801 (Cic.
567 718 669 784 Fiacc,
694 717 748 796 12,
771 717 842 804 31),
866 715 1065 784 tutissimam
1082 717 1157 804 sore
1178 714 1326 783 Galliam
1347 718 1442 801 (trist.
1464 718 1500 782 B.
1522 717 1560 783 G.
1587 717 1624 795 8,

351 824 406 902 tt,
424 825 473 910 i);
495 821 550 890 sed
566 825 631 890 iilis
647 825 795 890 omnibus
814 822 968 910 exemplis
984 837 1038 890 aut
1058 823 1218 890 similibus
1233 823 1425 890 vocabulum
1440 843 1512 889 cum
1532 832 1627 890 tutus

347 929 493 1017 junctum
507 926 570 996 loci
583 930 847 1016 significationem
864 931 970 998 hauet.
989 939 1118 1020 exerpto
1140 940 1243 996 tamen
1259 929 1459 1010 Quintiliano
1478 931 1626 1016 exemplo

351 1037 436 1122 quod
453 1046 486 1102 ut
501 1037 692 1121 explicemus
709 1056 831 1103 arcesse
846 1047 903 1102 est.
922 1039 968 1102 Et
982 1034 1169 1124 probabilis
1188 1047 1311 1114 tamen,
1326 1037 1443 1120 iuquit,
1459 1033 1628 1123 cupiditas

352 1141 573 1222 honestorum,
598 1154 631 1208 et
652 1141 743 1208 uelut
766 1143 896 1208 tutioris
918 1141 1083 1210 audentia
1105 1153 1307 1220 attentare,
1333 1141 1454 1230 quibus
1470 1142 1628 1232 paratior

352 1248 448 1315 craia
466 1260 523 1314 est.
539 1249 693 1328 Primum,
712 1260 746 1314 ut
760 1249 901 1315 durioris
919 1250 1091 1316 verborum
1106 1249 1339 1335 conjunctionis
1354 1251 1483 1334 cuipam
1499 1269 1628 1316 cucusa-

353 1369 412 1433 εει,
429 1357 618 1441 partientem
633 1353 722 1421 velrrt
736 1356 900 1434 adtribuit3
915 1356 1030 1422 deindo-
1043 1375 1107 1422 non
1127 1355 1233 1422 dicere
1248 1355 1537 1424 voluitaudaciam
1551 1366 1631 1422 tute-

354 1463 417 1528 lam
432 1473 489 1529 ont
499 1463 686 1548 praesidium
702 1465 827 1541 atierre,
844 1463 899 1528 sed
914 1483 987 1530 eum
1001 1463 1057 1548 qui
1068 1472 1177 1528 ‚tentet
1191 1482 1230 1528 ea
1244 1462 1362 1548 quibus
1376 1462 1520 1548 paratior
1533 1462 1631 1528 renia

354 1570 407 1649 sit,
423 1588 608 1655 quanquam
623 1568 774 1636 audacior
786 1570 842 1649 sit,
858 1589 896 1636 ea
912 1581 1017 1636 tamen
1034 1571 1102 1654 ipso
1118 1579 1222 1636 tutum
1237 1568 1400 1656 essequod
1415 1569 1541 1636 veniam
1556 1587 1633 1654 spe—

355 1688 413 1742 ret.
432 1676 607 1742 Fatendum
622 1685 669 1740 est
687 1676 784 1758 igitur
803 1676 996 1762 adjectivum
1012 1687 1102 1742 tutus
1123 1695 1187 1742 non
1210 1675 1346 1742 activam
1365 1675 1430 1742 vim
1446 1675 1551 1761 reipsa
1570 1675 1633 1740 ha-

355 1786 430 1850 bere
447 1805 455 1847 :
478 1801 552 1848 nam
568 1780 658 1846 locus
677 1793 767 1848 tritus
787 1783 874 1848 locus
893 1782 1086 1869 quidamest
1102 1782 1212 1867 inquo
1229 1783 1288 1848 tuti
1307 1782 1420 1859 simus,
1444 1800 1508 1848 nou
1524 1791 1632 1848 autem

357 1891 444 1955 locus
458 1889 513 1974 qui
530 1907 587 1953 nos
602 1897 684 1954 tutos
704 1888 830 1954 efficiat.
857 1889 1061 1973 Quapropter
1084 1888 1273 1974 scripturam
1299 1887 1511 1954 recentiorum
1530 1887 1633 1954 edito-

359 2017 427 2062 rum
448 1992 644 2064 Numidr‘s...
662 2005 734 2060 tuta
753 2006 831 2061 suat
846 1995 1050 2082 rejiciendam
1070 2015 1246 2062 censemus.
1268 1995 1330 2061 Sed
1346 1994 1385 2061 ad
1402 1995 1563 2082 inceptum
1583 2014 1634 2061 re·

357 2115 529 2168 vertamur.

402 2229 438 2292 B.
455 2262 500 2277 -
517 2226 660 2294 Alterum
678 2245 777 2312 genus
799 2236 844 2291 est
864 2227 1073 2312 appositionis
1098 2247 1161 2314 qua
1184 2226 1419 2292 substantivum
1445 2225 1637 2312 simpliciter

360 2354 395 2400 ac
416 2335 483 2399 sine
509 2333 740 2419 particuiarum
760 2333 882 2399 auxilio
904 2335 1056 2420 (exceptis
1077 2343 1181 2399 tame-r
1198 2331 1306 2420 quasi,
1325 2344 1498 2420 tauquam,
1516 2331 1635 2398 simiti-

361 2442 430 2520 bus,
448 2441 472 2506 si
490 2440 647 2525 appositio
662 2437 725 2505 non
740 2440 899 2525 certatur)
916 2439 1122 2526 conjungitur
1137 2457 1208 2504 cum
1223 2439 1377 2525 subjecto,
1398 2440 1490 2524 cujus
1509 2438 1639 2523 signifi-

361 2560 516 2612 canonem
541 2545 777 2612 definit2Hist.
801 2565 824 2623 1,
853 2548 908 2627 51,
944 2547 997 2625 ts,
1034 2545 1093 2633 qui
1122 2545 1281 2611 cidamini
1302 2555 1397 2610 tanta
1422 2542 1513 2610 mala
1541 2547 1634 2629 quasi

362 2654 481 2718 tulmen
504 2663 618 2740 aptaro
635 2673 669 2718 se
694 2651 886 2740 quispiane
904 2653 1061 2740 attiupat,
1092 2650 1151 2719 sod
1164 2651 1344 2742 prodidere
1373 2673 1414 2717 aa
1434 2649 1551 2717 tartari
1563 2651 1637 2739 qui·

361 2756 453 2831 dam:
480 2761 559 2824 Hist.
586 2780 609 2837 1,
638 2761 691 2834 15,
720 2760 773 2840 17,
794 2759 861 2824 nisi
878 2758 1102 2847 adprobaritis
1118 2779 1228 2824 ornnes
1244 2757 1518 2847 proscriptionem
1538 2757 1636 2822 inno-

360 2864 491 2930 xiorum
531 2863 572 2929 ab
610 2863 781 2935 diuitias...
815 2864 901 2931 bona
937 2865 1060 2932 civium
1090 2865 1286 2931 miserorum
1319 2866 1410 2950 quasi
1441 2863 1633 2930 Cimbricam

365 2974 502 3057 praedaru
517 2992 635 3036 oenum
649 2969 804 3036 acridano
818 2971 949 3049 datam3
964 2975 1003 3037 ci.
1020 2974 1086 3040 Cic.
1100 2993 1155 3058 pro
1174 2975 1239 3057 lage
1253 2972 1364 3038 Marii.
1381 2973 1402 3036 5
1415 2992 1422 3036 :
1437 2969 1637 3036 Corinthum

359 3089 471 3166 patres
485 3077 596 3153 castri,
613 3077 711 3142 totius
726 3077 861 3144 Graeciae
876 3075 999 3158 lumen,
1017 3079 1211 3144 exstinctam
1226 3076 1416 3154 oolrreruut3
1433 3079 1563 3149 Brutus.
1577 3077 1634 3152 75,

363 3187 445 3262 252;
461 3183 555 3252 Nudi
567 3183 654 3250 euim
667 3195 745 3249 sunt
759 3185 1019 3270 (commentarii),
1034 3185 1115 3250 recti
1128 3197 1160 3250 et
1173 3184 1312 3265 vertrrsti,
1328 3183 1421 3249 amni
1431 3195 1551 3249 ornatu
1563 3203 1635 3248 ora·

365 3291 462 3358 tionis
475 3305 634 3379 tanquam
644 3301 728 3356 cestr
743 3287 908 3370 detructa3
922 3303 951 3357 et
968 3291 1091 3356 Livium
1105 3315 1112 3356 :
1126 3290 1283 3356 Flamma
1298 3289 1365 3356 late
1375 3292 1473 3379 susac,
1487 3288 1639 3355 certioris

365 3395 469 3463 cladis
495 3395 667 3477 indicium,
690 3396 854 3486 propredi
880 3396 1010 3485 loupius
1035 3395 1218 3485 prohibuit.
1240 3397 1375 3462 Difficile
1403 3409 1450 3462 cst
1477 3397 1638 3462 offirmare

368 3517 473 3570 utrum
492 3505 523 3569 in
546 3506 602 3569 trac
621 3504 855 3570 constructione
873 3504 1033 3589 quoddam
1054 3504 1096 3568 sit
1116 3504 1313 3568 attractionis
1331 3523 1441 3586 genus,
1464 3521 1504 3568 aa
1528 3523 1639 3586 graeca

366 3611 506 3697 synittxis
523 3611 819 3688 imitatioveiuerit3
836 3611 876 3676 ci.
894 3609 1008 3676 Herod:
1026 3622 1155 3694 Βουδῖνοι,
1173 3627 1243 3688 ἔθνος
1257 3625 1296 3678 ἑὸν
1311 3623 1545 3698 μέγακαὶπολλόν,
1556 3624 1640 3696 γλαῦ-

367 3745 411 3778 κον
425 3732 476 3778 πᾶν
493 3725 611 3800 ἰσχύρῶς
626 3723 682 3778 ἐστι
696 3729 740 3776 καὶ
754 3723 850 3798 cuppis
868 3726 888 3778 ¹.

413 3834 468 3898 Sin
484 3811 589 3899 autcin
605 3851 678 3898 vera
693 3833 888 3918 comparatio
902 3833 1121 3911 constituitur,
1142 3851 1199 3896 nec
1211 3831 1279 3918 jam
1297 3841 1332 3896 ut
1346 3833 1526 3918 appositum
1540 3831 1641 3915 priori

369 3939 576 4018 substantivo,
592 3940 645 4006 scd
660 3951 695 4006 ut
710 3941 888 4024 subjectum
905 3941 995 4005 atteri
1006 3959 1037 4005 rs
1052 3939 1209 4004 enuntiati
1227 3939 1460 4006 substantivum
1480 3955 1641 4024 propona-

371 4048 658 4133 tur‚·prardtcatum
671 4067 742 4112 cum
759 4047 868 4132 priore
884 4046 1024 4132 subjecto
1036 4046 1194 4132 congruit.

414 4173 448 4238 C.
469 4209 515 4222 -
532 4171 671 4237 Tritium
692 4180 861 4256 genuscst
885 4150 1093 4256 appositionis
1117 4189 1180 4255 qua
1203 4169 1344 4256 subjecto
1365 4167 1483 4254 plurali
1509 4185 1643 4232 numero

372 4281 471 4366 posito
490 4280 676 4365 pronomina
695 4277 842 4364 quaedam
867 4277 1086 4363 adjunguntur
1107 4276 1224 4362 quibus
1250 4275 1429 4341 accuratius
1453 4274 1642 4350 definiatur,

373 4399 407 4452 ut
421 4385 569 4474 quisquc,
587 4397 735 4472 uterquc,
757 4382 883 4450 clius...
906 4381 1005 4463 alius,
1025 4382 1150 4450 alter...
1168 4381 1264 4460 alter,
1278 4403 1401 4470 pars...
1417 4401 1514 4470 pars,
1531 4379 1645 4464 singu-

404 4580 426 4628 1,
441 4577 469 4626 In
484 4577 539 4627 Cat.
555 4579 593 4632 58,
610 4579 647 4634 13,
662 4577 793 4628 Potuistt's
806 4575 932 4626 uoatruttt'
949 4577 1034 4625 roma
1048 4575 1156 4626 omissis
1165 4575 1238 4624 torris
1250 4575 1351 4624 attritas
1359 4587 1423 4636 opes
1434 4578 1586 4637 rapaton,
1597 4587 1647 4620 vox

373 4648 493 4712 apposita
508 4667 521 4693 u
535 4650 661 4698 *roncata
676 4664 690 4694 »
709 4661 845 4710 personam
860 4646 932 4694 verbi
947 4660 996 4693 non
1012 4646 1130 4706 mutavit,
1145 4645 1207 4709 quia
1225 4660 1275 4694 aon
1293 4645 1352 4708 ipsa
1375 4645 1518 4707 subjeetum
1531 4649 1582 4698 est.
1598 4641 1647 4692 sed

350 4755 362 4768 ,a
374 4718 521 4784 pronomini
536 4719 652 4781 subjecto
666 4733 712 4768 vos
726 4717 793 4782 quod
810 4719 887 4766 verbo
904 4716 1052 4766 continetur
1068 4731 1113 4780 per
1125 4715 1316 4780 appositionem
1331 4715 1490 4780 adjungitur.
1507 4713 1546 4763 ct.
1561 4713 1648 4763 Bads·

385 4791 490 4850 uobner‚
505 4790 554 4840 ioc.
566 4791 610 4840 eit.
625 4807 649 4856 p.
666 4793 688 4848 5,
705 4797 759 4839 nott
